<?xml version="1.0" encoding="UTF-8" ?>
<marc:collection xmlns:marc="http://www.loc.gov/MARC21/slim"
    xmlns:xsi="http://www.w3.org/2001/XMLSchema-instance"
    xsi:schemaLocation="http://www.loc.gov/MARC21/slim http://www.loc.gov/standards/marcxml/schema/MARC21slim.xsd">
    <marc:record>
        <marc:leader>01789npcaa2200217Ia 4500</marc:leader>
        <marc:controlfield tag="001">005598215</marc:controlfield>
        <marc:controlfield tag="005">20120910145257.0</marc:controlfield>
        <marc:controlfield tag="008">030617i19861996ncu                 eng d</marc:controlfield>
        <marc:datafield tag="040" ind1=" " ind2=" ">
            <marc:subfield code="a">NDD</marc:subfield>
            <marc:subfield code="e">dacs</marc:subfield>
            <marc:subfield code="c">NDD</marc:subfield>
        </marc:datafield>
        <marc:datafield tag="049" ind1=" " ind2=" ">
            <marc:subfield code="a">[Off-Site] NDH6</marc:subfield>
        </marc:datafield>
        <marc:datafield tag="099" ind1=" " ind2=" ">
            <marc:subfield code="a">Library Service Center</marc:subfield>
        </marc:datafield>
        <marc:datafield tag="100" ind1="1" ind2=" ">
            <marc:subfield code="a">Meyer, Horst,</marc:subfield>
            <marc:subfield code="d">1940-,</marc:subfield>
            <marc:subfield code="e">compiler.</marc:subfield>
        </marc:datafield>
        <marc:datafield tag="245" ind1="1" ind2="0">
            <marc:subfield code="a">Fritz London Biography Papers,</marc:subfield>
            <marc:subfield code="f">1986-1996.</marc:subfield>
        </marc:datafield>
        <marc:datafield tag="300" ind1=" " ind2=" ">
            <marc:subfield code="a">700</marc:subfield>
            <marc:subfield code="f">items (1.25 linear ft.)</marc:subfield>
        </marc:datafield>
        <marc:datafield tag="500" ind1=" " ind2=" ">
            <marc:subfield code="a">TEMPORARY RECORD.</marc:subfield>
        </marc:datafield>
        <marc:datafield tag="500" ind1=" " ind2=" ">
            <marc:subfield code="a">In off-site storage; 24 hours advance notice may be required for use.</marc:subfield>
        </marc:datafield>
        <marc:datafield tag="500" ind1=" " ind2=" ">
            <marc:subfield code="a">Unprocessed collection. Cataloged from accession records.</marc:subfield>
        </marc:datafield>
        <marc:datafield tag="545" ind1=" " ind2=" ">
            <marc:subfield code="a">From www.phy.duke.edu: Fritz London was one of the most distinguished scientists on the Duke University faculty, and an internationally recognized theorist in Chemistry, Physics and the Philosophy of Science. He was born in Breslau, Germany,(now Wroclaw, Poland) in 1900. In 1933 he was forced to resign his post at the University of Berlin by the advent of the Nazi regime. He left Germany for England, then for France where he was appointed &quot;Maitre de Recherches&quot; at the College de France (later becoming &quot;Directeur de Recherche'). He immigrated to the United States in 1939, and came to Duke University, first as a Professor of Chemistry. In 1949 he received a joint appointment in Physics and Chemistry and became a James B. Duke Professor. In 1953 he became the 5th recipient of the Lorentz medal, awarded by the Royal Netherlands Academy of Sciences, and was the first American citizen to receive this honor. He died in Durham in 1954.</marc:subfield>
        </marc:datafield>
        <marc:datafield tag="520" ind1="8" ind2=" ">
            <marc:subfield code="a">Collection includes files compiled by Duke professor Horst Meyer about Fritz London for the purpose of writing a biography. The material dates from 1986-1996.</marc:subfield>
        </marc:datafield>
        <marc:datafield tag="541" ind1=" " ind2=" ">
            <marc:subfield code="a">.</marc:subfield>
            <marc:subfield code="c">Transfer;</marc:subfield>
            <marc:subfield code="d">2012.</marc:subfield>
        </marc:datafield>
        <marc:datafield tag="555" ind1="8" ind2=" ">
            <marc:subfield code="a">Inventory in repository.</marc:subfield>
        </marc:datafield>
    </marc:record>