
    <marc:record>
        <marc:leader>01120npcaa2200205Ia 4500</marc:leader>
        <marc:controlfield tag="001">004938725</marc:controlfield>
        <marc:controlfield tag="005">20110523135815.0</marc:controlfield>
        <marc:controlfield tag="008">110523s1985    ncu                 eng d</marc:controlfield>
        <marc:datafield tag="035" ind1=" " ind2=" ">
            <marc:subfield code="a">726753630</marc:subfield>
        </marc:datafield>
        <marc:datafield tag="040" ind1=" " ind2=" ">
            <marc:subfield code="a">NDD</marc:subfield>
            <marc:subfield code="e">dacs</marc:subfield>
            <marc:subfield code="c">NDD</marc:subfield>
        </marc:datafield>
        <marc:datafield tag="049" ind1=" " ind2=" ">
            <marc:subfield code="a">NDH6</marc:subfield>
        </marc:datafield>
        <marc:datafield tag="111" ind1="2" ind2=" ">
            <marc:subfield code="a">Moroccan Cultural Festival</marc:subfield>
            <marc:subfield code="d">(1985 :</marc:subfield>
            <marc:subfield code="c">Durham, N.C.)</marc:subfield>
        </marc:datafield>
        <marc:datafield tag="245" ind1="1" ind2="0">
            <marc:subfield code="a">Morocco at Duke scrapbook,</marc:subfield>
            <marc:subfield code="f">1985 Sept.</marc:subfield>
        </marc:datafield>
        <marc:datafield tag="300" ind1=" " ind2=" ">
            <marc:subfield code="a">1</marc:subfield>
            <marc:subfield code="f">item</marc:subfield>
        </marc:datafield>
        <marc:datafield tag="545" ind1=" " ind2=" ">
            <marc:subfield code="a">The Moroccan Cultural Festival was initiated in 1985 by Miriam Cooke, then assistant international studies professsor, and Bruce Lawrence, a religion professor, when they set up an exchange program between Duke and the University of Marrakech. The program was the first of its kind between an American and an Arab University. The festivities included lectures on various aspects of Moroccan living, fashion shows, an art exhibit, a film on Moroccan women, and a Moroccan dinner.</marc:subfield>
        </marc:datafield>
        <marc:datafield tag="520" ind1="8" ind2=" ">
            <marc:subfield code="a">The scrapbook includes photographs and clippings from the 1985 Moroccan Cultural Festival.</marc:subfield>
        </marc:datafield>
        <marc:datafield tag="590" ind1=" " ind2=" ">
            <marc:subfield code="a">*initials YYYYMMDD</marc:subfield>
        </marc:datafield>
        <marc:datafield tag="600" ind1="1" ind2="0">
            <marc:subfield code="a">Cooke, Miriam.</marc:subfield>
        </marc:datafield>
        <marc:datafield tag="610" ind1="2" ind2="0">
            <marc:subfield code="a">Duke University</marc:subfield>
            <marc:subfield code="x">Faculty.</marc:subfield>
        </marc:datafield>
        <marc:datafield tag="610" ind1="2" ind2="0">
            <marc:subfield code="a">Duke University</marc:subfield>
            <marc:subfield code="x">History</marc:subfield>
            <marc:subfield code="y">20th century.</marc:subfield>
        </marc:datafield>
    </marc:record>