
    <marc:record>
        <marc:leader>01641npcaa2200205Ia 4500</marc:leader>
        <marc:controlfield tag="001">004677167</marc:controlfield>
        <marc:controlfield tag="005">20110307154907.0</marc:controlfield>
        <marc:controlfield tag="008">110307i19381957ncu                 eng d</marc:controlfield>
        <marc:datafield tag="035" ind1=" " ind2=" ">
            <marc:subfield code="a">705934851</marc:subfield>
        </marc:datafield>
        <marc:datafield tag="040" ind1=" " ind2=" ">
            <marc:subfield code="a">NDD</marc:subfield>
            <marc:subfield code="c">NDD</marc:subfield>
        </marc:datafield>
        <marc:datafield tag="049" ind1=" " ind2=" ">
            <marc:subfield code="a">NDH6</marc:subfield>
        </marc:datafield>
        <marc:datafield tag="100" ind1="1" ind2=" ">
            <marc:subfield code="a">Corbin, Lucy Lyon.</marc:subfield>
        </marc:datafield>
        <marc:datafield tag="245" ind1="1" ind2="0">
            <marc:subfield code="a">University House Records,</marc:subfield>
            <marc:subfield code="f">1938-1957.</marc:subfield>
        </marc:datafield>
        <marc:datafield tag="300" ind1=" " ind2=" ">
            <marc:subfield code="a">3</marc:subfield>
            <marc:subfield code="f">items (1 folder)</marc:subfield>
        </marc:datafield>
        <marc:datafield tag="545" ind1=" " ind2=" ">
            <marc:subfield code="a">University House was built in 1908 by Benjamin N. Duke and originally called &quot;Four Acres.&quot; Located on West Chapel Hill Street in Durham (N.C.), the property was gifted to Duke University by Mary Duke Biddle, daughter of Benjamin and Sarah P. Duke, in 1938 (two years after her mother's death), at which time it became known as University House. It was used as a guest house and hosting for various University-related functions, including luncheons, dinners, receptions, and meetings. The property was sold and the house demolished in 1960.</marc:subfield>
        </marc:datafield>
        <marc:datafield tag="520" ind1="8" ind2=" ">
            <marc:subfield code="a">The collection includes an account book from 1944 Sept. 1-1957 Jan. 31, which includes the number of meals served University guests, the number of overnight guests, and identification of groups (including number) using the facility. There is also a typed list of events at University House from 1938-1945 July 8, and a daily schedule of a busy week during a Pastors' School when the house was overflowing (undated). These records were kept by Lucy Lyon Corbin, who, with her daughter Charlotte Corbin on the Alumni Affairs staff, lived in University House.</marc:subfield>
        </marc:datafield>
        <marc:datafield tag="610" ind1="2" ind2="0">
            <marc:subfield code="a">Duke University.</marc:subfield>
            <marc:subfield code="b">University House.</marc:subfield>
        </marc:datafield>
        <marc:datafield tag="610" ind1="2" ind2="0">
            <marc:subfield code="a">Duke University</marc:subfield>
            <marc:subfield code="x">History</marc:subfield>
            <marc:subfield code="y">20th century.</marc:subfield>
        </marc:datafield>
        <marc:datafield tag="610" ind1="2" ind2="0">
            <marc:subfield code="a">Duke University</marc:subfield>
            <marc:subfield code="x">Housing.</marc:subfield>
        </marc:datafield>
        <marc:datafield tag="700" ind1="1" ind2=" ">
            <marc:subfield code="a">Corbin, Charlotte.</marc:subfield>
        </marc:datafield>
    </marc:record>