
    <marc:record>
        <marc:leader>01371npcaa2200217Ia 4500</marc:leader>
        <marc:controlfield tag="001">003855930</marc:controlfield>
        <marc:controlfield tag="005">20130212152022.0</marc:controlfield>
        <marc:controlfield tag="008">030617i18481978ncu                 eng d</marc:controlfield>
        <marc:datafield tag="040" ind1=" " ind2=" ">
            <marc:subfield code="a">NDD</marc:subfield>
            <marc:subfield code="e">dacs</marc:subfield>
            <marc:subfield code="c">NDD</marc:subfield>
        </marc:datafield>
        <marc:datafield tag="049" ind1=" " ind2=" ">
            <marc:subfield code="a">NDH6</marc:subfield>
        </marc:datafield>
        <marc:datafield tag="099" ind1=" " ind2=" ">
            <marc:subfield code="a">6i</marc:subfield>
        </marc:datafield>
        <marc:datafield tag="110" ind1="2" ind2=" ">
            <marc:subfield code="a">Duke University.</marc:subfield>
            <marc:subfield code="b">University Archives.</marc:subfield>
        </marc:datafield>
        <marc:datafield tag="245" ind1="1" ind2="0">
            <marc:subfield code="a">General Oversize Collection,</marc:subfield>
            <marc:subfield code="f">1848-1978.</marc:subfield>
        </marc:datafield>
        <marc:datafield tag="300" ind1=" " ind2=" ">
            <marc:subfield code="a">approx. 40</marc:subfield>
            <marc:subfield code="f">items (3.4 linear ft.)</marc:subfield>
        </marc:datafield>
        <marc:datafield tag="500" ind1=" " ind2=" ">
            <marc:subfield code="a">TEMPORARY RECORD.</marc:subfield>
        </marc:datafield>
        <marc:datafield tag="500" ind1=" " ind2=" ">
            <marc:subfield code="a">Unprocessed collection. Cataloged from accession records.</marc:subfield>
        </marc:datafield>
        <marc:datafield tag="545" ind1=" " ind2=" ">
            <marc:subfield code="a">Collection consists of miscellaneous oversize items removed from map cabinet 31. In April 2007 several items relating to the William T. Laprade papers and the Lionel Stevenson papers were removed from the General Oversize collection and placed within their respective collections. Feb. 2013 - Clare Leighton items removed and transferred to general special collections for Clare Leighton Papers.</marc:subfield>
        </marc:datafield>
        <marc:datafield tag="520" ind1="8" ind2=" ">
            <marc:subfield code="a">Some items within the General Oversize collection include materials the Trinity Heights plans, photographs of the Southwest by Dane Coolidge, library exhibit concerning OCLC, circa late 1970s and a handwritten valentine from 1848. A complete inventory of the collection is located in the collection control file. Materials in the collection range in date from 1848-1978.</marc:subfield>
        </marc:datafield>
        <marc:datafield tag="541" ind1=" " ind2=" ">
            <marc:subfield code="a">.</marc:subfield>
            <marc:subfield code="c">Transfer;</marc:subfield>
        </marc:datafield>
        <marc:datafield tag="555" ind1="8" ind2=" ">
            <marc:subfield code="a">Inventory in repository.</marc:subfield>
        </marc:datafield>
        <marc:datafield tag="590" ind1=" " ind2=" ">
            <marc:subfield code="a">*sab 20070430</marc:subfield>
        </marc:datafield>
    </marc:record>