
    <marc:record>
        <marc:leader>00819cpc a2200169Ia 4500</marc:leader>
        <marc:controlfield tag="001">003244202</marc:controlfield>
        <marc:controlfield tag="005">20111003092038.0</marc:controlfield>
        <marc:controlfield tag="008">031024i19261979ncu                 eng d</marc:controlfield>
        <marc:datafield tag="040" ind1=" " ind2=" ">
            <marc:subfield code="a">NDD</marc:subfield>
            <marc:subfield code="e">appm</marc:subfield>
            <marc:subfield code="c">NDD</marc:subfield>
        </marc:datafield>
        <marc:datafield tag="049" ind1=" " ind2=" ">
            <marc:subfield code="a">NDDA</marc:subfield>
            <marc:subfield code="d">[1-=Boxes]</marc:subfield>
            <marc:subfield code="v">1-</marc:subfield>
        </marc:datafield>
        <marc:datafield tag="099" ind1=" " ind2=" ">
            <marc:subfield code="a">Lib. Serv. Ctr.</marc:subfield>
        </marc:datafield>
        <marc:datafield tag="245" ind1="0" ind2="0">
            <marc:subfield code="a">Handbook of Duke University; The Duke Handbook; Duke University Handbook; The Duke Gentleman; The University Experience.</marc:subfield>
        </marc:datafield>
        <marc:datafield tag="300" ind1=" " ind2=" ">
            <marc:subfield code="a">32</marc:subfield>
            <marc:subfield code="f">items (1 box)</marc:subfield>
        </marc:datafield>
        <marc:datafield tag="500" ind1=" " ind2=" ">
            <marc:subfield code="a">TEMPORARY RECORD.</marc:subfield>
        </marc:datafield>
        <marc:datafield tag="500" ind1=" " ind2=" ">
            <marc:subfield code="a">Issues: 1926/27, 1927/28 (2 copies), 1928/29, 1930/31, 1932/33, 1933/34, 1934/35, 1935/36, 1936/37, 1937/38, 1938/39, 1939/40, 1941/42, 1942/43, 1943/44, 1944/45, 1945/46, 1946/47, 1947/48, 1948/49, 1950/51, 1952/53, 1954/55, 1956/57, 1959, 1965/66, 1966/67 (2 copies), 1967/68.</marc:subfield>
        </marc:datafield>
        <marc:datafield tag="500" ind1=" " ind2=" ">
            <marc:subfield code="a">Stored offsite. May require 24 hours for retrieval.</marc:subfield>
        </marc:datafield>
        <marc:datafield tag="590" ind1=" " ind2=" ">
            <marc:subfield code="a">*ntp</marc:subfield>
        </marc:datafield>
    </marc:record>