
    <marc:record>
        <marc:leader>00670npcaa2200169Ia 4500</marc:leader>
        <marc:controlfield tag="001">004649911</marc:controlfield>
        <marc:controlfield tag="005">20101115133843.0</marc:controlfield>
        <marc:controlfield tag="008">101115s1972    ncu                 eng d</marc:controlfield>
        <marc:datafield tag="035" ind1=" " ind2=" ">
            <marc:subfield code="a">681402384</marc:subfield>
        </marc:datafield>
        <marc:datafield tag="040" ind1=" " ind2=" ">
            <marc:subfield code="a">NDD</marc:subfield>
            <marc:subfield code="c">NDD</marc:subfield>
        </marc:datafield>
        <marc:datafield tag="049" ind1=" " ind2=" ">
            <marc:subfield code="a">NDH6</marc:subfield>
        </marc:datafield>
        <marc:datafield tag="110" ind1="2" ind2=" ">
            <marc:subfield code="a">Bryant Prints.</marc:subfield>
        </marc:datafield>
        <marc:datafield tag="245" ind1="1" ind2="0">
            <marc:subfield code="a">Duke University Campus Print,</marc:subfield>
            <marc:subfield code="f">1972.</marc:subfield>
        </marc:datafield>
        <marc:datafield tag="300" ind1=" " ind2=" ">
            <marc:subfield code="a">1</marc:subfield>
            <marc:subfield code="f">item</marc:subfield>
        </marc:datafield>
        <marc:datafield tag="520" ind1="8" ind2=" ">
            <marc:subfield code="a">Bryant Prints poster of Duke University campus buildings and sites, such as Duke Chapel, Baldwin Auditorium, Washington Duke statue and the James B. Duke statue. The artwork was done by Liz [?] Bryant. The poster was printed by the Crozet Print Shop in Crozet, Va.</marc:subfield>
        </marc:datafield>
        <marc:datafield tag="590" ind1=" " ind2=" ">
            <marc:subfield code="a">*initials YYYYMMDD</marc:subfield>
        </marc:datafield>
        <marc:datafield tag="610" ind1="2" ind2="0">
            <marc:subfield code="a">Duke University</marc:subfield>
            <marc:subfield code="x">Buildings.</marc:subfield>
        </marc:datafield>
    </marc:record>
    <marc:record>
        <marc:leader>00055npm a22000375a 4500</marc:leader>
        <marc:controlfield tag="005">20120907094439.0</marc:controlfield>
    </marc:record>