
    <marc:record>
        <marc:leader>01858npcaa2200205Ia 4500</marc:leader>
        <marc:controlfield tag="001">003841023</marc:controlfield>
        <marc:controlfield tag="005">20070306152028.0</marc:controlfield>
        <marc:controlfield tag="008">030617i19621973ncu                 eng d</marc:controlfield>
        <marc:datafield tag="040" ind1=" " ind2=" ">
            <marc:subfield code="a">NDD</marc:subfield>
            <marc:subfield code="e">dacs</marc:subfield>
            <marc:subfield code="c">NDD</marc:subfield>
        </marc:datafield>
        <marc:datafield tag="049" ind1=" " ind2=" ">
            <marc:subfield code="a">NDH6</marc:subfield>
        </marc:datafield>
        <marc:datafield tag="099" ind1=" " ind2=" ">
            <marc:subfield code="a">3h</marc:subfield>
        </marc:datafield>
        <marc:datafield tag="110" ind1="2" ind2=" ">
            <marc:subfield code="a">Duke University.</marc:subfield>
            <marc:subfield code="b">University Planning Committee.</marc:subfield>
        </marc:datafield>
        <marc:datafield tag="245" ind1="1" ind2="0">
            <marc:subfield code="a">University Planning Committee records,</marc:subfield>
            <marc:subfield code="f">1962-1973.</marc:subfield>
        </marc:datafield>
        <marc:datafield tag="300" ind1=" " ind2=" ">
            <marc:subfield code="a">3,500</marc:subfield>
            <marc:subfield code="f">items (4.5 linear ft.)</marc:subfield>
        </marc:datafield>
        <marc:datafield tag="500" ind1=" " ind2=" ">
            <marc:subfield code="a">TEMPORARY RECORD.</marc:subfield>
        </marc:datafield>
        <marc:datafield tag="545" ind1=" " ind2=" ">
            <marc:subfield code="a">The University Planning Committee was constituted in October 1962. This committee served as the successor to the University Committee on Long-Range Planning. In October of 1964 the University Planning Committee combined with the University Policy Committee, forming the University Policy and Planning Advisory Committee (UPPAC). This new committee was responsible for University matters dealing with academic policy and physical planning. The UPPAC was in existence until 1969. In 1971, the University Planning Committee (UPC) was constituted by then-President Terry Sanford. The UPC was to assume the roles of the previous planning committees in that it was to “look at the past and make projections for the future in areas of enrollment, physical facilities, space, revenue sources of operating funds for the Medical Center, faculty retirement, campus plans, development, etc.” The UPC was disbanded in 1973, and reappeared the next academic year as the University Planning Commission.</marc:subfield>
        </marc:datafield>
        <marc:datafield tag="520" ind1="8" ind2=" ">
            <marc:subfield code="a">The collection consists of records relating to the academic, faculty, and institutional development of the University, as dealt with through this committee. Correspondence, memoranda, reports, minutes, agendas, proposals, and bound materials comprise this collection. Materials in this collection date from 1962 to 1973.</marc:subfield>
        </marc:datafield>
        <marc:datafield tag="541" ind1=" " ind2=" ">
            <marc:subfield code="a">.</marc:subfield>
            <marc:subfield code="c">Transfer;</marc:subfield>
        </marc:datafield>
        <marc:datafield tag="555" ind1="8" ind2=" ">
            <marc:subfield code="a">Inventory in repository.</marc:subfield>
        </marc:datafield>
        <marc:datafield tag="590" ind1=" " ind2=" ">
            <marc:subfield code="a">*sab 20070306</marc:subfield>
        </marc:datafield>
    </marc:record>