
    <marc:record>
        <marc:leader>01163npcaa2200205Ia 4500</marc:leader>
        <marc:controlfield tag="001">004654938</marc:controlfield>
        <marc:controlfield tag="005">20101206130730.0</marc:controlfield>
        <marc:controlfield tag="008">101206s1941    ncu                 eng d</marc:controlfield>
        <marc:datafield tag="035" ind1=" " ind2=" ">
            <marc:subfield code="a">690014459</marc:subfield>
        </marc:datafield>
        <marc:datafield tag="040" ind1=" " ind2=" ">
            <marc:subfield code="a">NDD</marc:subfield>
            <marc:subfield code="c">NDD</marc:subfield>
        </marc:datafield>
        <marc:datafield tag="049" ind1=" " ind2=" ">
            <marc:subfield code="a">NDDP</marc:subfield>
        </marc:datafield>
        <marc:datafield tag="110" ind1="2" ind2=" ">
            <marc:subfield code="a">Liggett &amp; Myers Tobacco Company.</marc:subfield>
        </marc:datafield>
        <marc:datafield tag="245" ind1="1" ind2="0">
            <marc:subfield code="a">Board of Directors Resolution for William W. Flowers,</marc:subfield>
            <marc:subfield code="f">1941.</marc:subfield>
        </marc:datafield>
        <marc:datafield tag="300" ind1=" " ind2=" ">
            <marc:subfield code="a">1</marc:subfield>
            <marc:subfield code="f">item</marc:subfield>
        </marc:datafield>
        <marc:datafield tag="500" ind1=" " ind2=" ">
            <marc:subfield code="a">This item is housed on-site in Small Collections. Please consult Archives staff for more information.</marc:subfield>
        </marc:datafield>
        <marc:datafield tag="545" ind1=" " ind2=" ">
            <marc:subfield code="a">William W. Flowers was the brother of Duke University President, Robert L. Flowers. William Flowers graduated from Trinity College (Durham, N.C.) in 1894. In 1900, Flowers was made an executive of the American Tobacco Company by James B. Duke. He became Vice President of Liggett &amp; Myers Tobacco Company in 1911 and served as Chairman of the Board from 1936 until his death in 1941.</marc:subfield>
        </marc:datafield>
        <marc:datafield tag="590" ind1=" " ind2=" ">
            <marc:subfield code="a">*initials YYYYMMDD</marc:subfield>
        </marc:datafield>
        <marc:datafield tag="520" ind1="8" ind2=" ">
            <marc:subfield code="a">Resolution created by the Board of Directors of the Liggett &amp; Myers Tobacco Company in memory and honor of William W. Flowers and his service to the company.</marc:subfield>
        </marc:datafield>
        <marc:datafield tag="600" ind1="1" ind2="0">
            <marc:subfield code="a">Flowers, William W.</marc:subfield>
        </marc:datafield>
        <marc:datafield tag="610" ind1="2" ind2="0">
            <marc:subfield code="a">Liggett &amp; Myers Tobacco Company.</marc:subfield>
        </marc:datafield>
    </marc:record>