
    <marc:record>
        <marc:leader>01415npcaa2200229Ia 4500</marc:leader>
        <marc:controlfield tag="001">003807750</marc:controlfield>
        <marc:controlfield tag="005">20100315132144.0</marc:controlfield>
        <marc:controlfield tag="008">030617i19932004ncu                 eng d</marc:controlfield>
        <marc:datafield tag="040" ind1=" " ind2=" ">
            <marc:subfield code="a">NDD</marc:subfield>
            <marc:subfield code="e">dacs</marc:subfield>
            <marc:subfield code="c">NDD</marc:subfield>
        </marc:datafield>
        <marc:datafield tag="049" ind1=" " ind2=" ">
            <marc:subfield code="a">NDH6</marc:subfield>
        </marc:datafield>
        <marc:datafield tag="099" ind1=" " ind2=" ">
            <marc:subfield code="a">Library Service Center.</marc:subfield>
        </marc:datafield>
        <marc:datafield tag="100" ind1="1" ind2=" ">
            <marc:subfield code="a">Keohane, Nannerl O.,</marc:subfield>
            <marc:subfield code="d">1940-</marc:subfield>
        </marc:datafield>
        <marc:datafield tag="245" ind1="1" ind2="0">
            <marc:subfield code="a">Nannerl O. Keohane records,</marc:subfield>
            <marc:subfield code="f">1993-2004.</marc:subfield>
        </marc:datafield>
        <marc:datafield tag="300" ind1=" " ind2=" ">
            <marc:subfield code="a">121,000</marc:subfield>
            <marc:subfield code="f">items (181.5 linear ft.)</marc:subfield>
        </marc:datafield>
        <marc:datafield tag="500" ind1=" " ind2=" ">
            <marc:subfield code="a">TEMPORARY RECORD.</marc:subfield>
        </marc:datafield>
        <marc:datafield tag="500" ind1=" " ind2=" ">
            <marc:subfield code="a">Unprocessed collection. Cataloged from accession records.</marc:subfield>
        </marc:datafield>
        <marc:datafield tag="506" ind1=" " ind2=" ">
            <marc:subfield code="a">Access restricted: Closed pending processing.</marc:subfield>
        </marc:datafield>
        <marc:datafield tag="545" ind1=" " ind2=" ">
            <marc:subfield code="a">President Keohane was Duke University's eighth President serving from 1993-2004.</marc:subfield>
        </marc:datafield>
        <marc:datafield tag="520" ind1="8" ind2=" ">
            <marc:subfield code="a">Collection includes university administrative records, personal papers, manuscripts, printed matter, memorabilia, and other material created or received by Keohane during her tenure as President, 1993-2004. Included are materials generated by the inauguration of Keohane as president of Duke University, working files for speeches and other presentations given by President Keohane, and subject files containing correspondence, memoranda, speeches, reports, and other materials. Subjects include admissions, the Academic Council, alumni, committees and campaigns, athletics, The Duke Endowment, various university departments, and Student Affairs.</marc:subfield>
        </marc:datafield>
        <marc:datafield tag="541" ind1=" " ind2=" ">
            <marc:subfield code="a">.</marc:subfield>
            <marc:subfield code="c">Transfer;</marc:subfield>
            <marc:subfield code="d">1993-2006.</marc:subfield>
        </marc:datafield>
        <marc:datafield tag="555" ind1="8" ind2=" ">
            <marc:subfield code="a">Inventory in repository.</marc:subfield>
        </marc:datafield>
        <marc:datafield tag="590" ind1=" " ind2=" ">
            <marc:subfield code="a">*sab 20061115</marc:subfield>
        </marc:datafield>
    </marc:record>