
    <marc:record>
        <marc:leader>00603npm a22001455a 4500</marc:leader>
        <marc:controlfield tag="001">003760646</marc:controlfield>
        <marc:controlfield tag="005">20120907132544.0</marc:controlfield>
        <marc:controlfield tag="008">060627i19882002ncu|||||||||||||| ||eng|d</marc:controlfield>
        <marc:datafield tag="110" ind1="2" ind2=" ">
            <marc:subfield code="a">Duke University.</marc:subfield>
            <marc:subfield code="b">Office of the Secretary.</marc:subfield>
        </marc:datafield>
        <marc:datafield tag="245" ind1="1" ind2="0">
            <marc:subfield code="a">Task force and committee records,</marc:subfield>
            <marc:subfield code="f">1988-2002.</marc:subfield>
        </marc:datafield>
        <marc:datafield tag="300" ind1=" " ind2=" ">
            <marc:subfield code="a">0.5</marc:subfield>
            <marc:subfield code="f">linear feet</marc:subfield>
        </marc:datafield>
        <marc:datafield tag="500" ind1=" " ind2=" ">
            <marc:subfield code="a">TEMPORARY RECORD</marc:subfield>
        </marc:datafield>
        <marc:datafield tag="500" ind1=" " ind2=" ">
            <marc:subfield code="a">MATERIAL DOES NOT CIRCULATE</marc:subfield>
        </marc:datafield>
        <marc:datafield tag="506" ind1=" " ind2=" ">
            <marc:subfield code="a">Closed 25 years from date of creation</marc:subfield>
        </marc:datafield>
        <marc:datafield tag="520" ind1="8" ind2=" ">
            <marc:subfield code="a">Records of the Task Force on Recruitment and Retention of Minority Administrators, 2001-2002; Land Resources Committee, 1988-1989; Long range Planning Committee, 1991-1996.</marc:subfield>
        </marc:datafield>
    </marc:record>