
    <marc:record>
        <marc:leader>00829npm a22001575a 4500</marc:leader>
        <marc:controlfield tag="001">003887266</marc:controlfield>
        <marc:controlfield tag="005">20120912140744.0</marc:controlfield>
        <marc:controlfield tag="008">070823i19972001ncu|||||||||||||| ||eng|d</marc:controlfield>
        <marc:datafield tag="110" ind1="2" ind2=" ">
            <marc:subfield code="a">Duke University.</marc:subfield>
            <marc:subfield code="b">Office of the University Secretary.</marc:subfield>
        </marc:datafield>
        <marc:datafield tag="245" ind1="1" ind2="0">
            <marc:subfield code="a">Honorary Degree Committee records,</marc:subfield>
            <marc:subfield code="f">1994; 1997-2001.</marc:subfield>
        </marc:datafield>
        <marc:datafield tag="300" ind1=" " ind2=" ">
            <marc:subfield code="a">100</marc:subfield>
            <marc:subfield code="f">items (1 box)</marc:subfield>
        </marc:datafield>
        <marc:datafield tag="506" ind1=" " ind2=" ">
            <marc:subfield code="a">Access restricted: board of trustees records</marc:subfield>
        </marc:datafield>
        <marc:datafield tag="500" ind1=" " ind2=" ">
            <marc:subfield code="a">TEMPORARY RECORD</marc:subfield>
        </marc:datafield>
        <marc:datafield tag="500" ind1=" " ind2=" ">
            <marc:subfield code="a">MATERIAL DOES NOT CIRCULATE</marc:subfield>
        </marc:datafield>
        <marc:datafield tag="520" ind1="8" ind2=" ">
            <marc:subfield code="a">Materials relating to the operations of the Honorary Degree committee including memoranda, lists of nominees and supporting documentation for the years 1994; 1997-2001.</marc:subfield>
        </marc:datafield>
        <marc:datafield tag="545" ind1=" " ind2=" ">
            <marc:subfield code="a">The University Secretary is an officer of the University and reports directly to the President. A major role of the Secretary's Office is to coordinate affairs of the Board of Trustees.</marc:subfield>
        </marc:datafield>
    </marc:record>