
    <marc:record>
        <marc:leader>00442npm a22001215a 4500</marc:leader>
        <marc:controlfield tag="001">004176586</marc:controlfield>
        <marc:controlfield tag="005">20130515093617.0</marc:controlfield>
        <marc:controlfield tag="008">090609|20062007ncu|||||||||||||| ||eng|d</marc:controlfield>
        <marc:datafield tag="110" ind1="2" ind2=" ">
            <marc:subfield code="a">Duke University.</marc:subfield>
            <marc:subfield code="b">Office of the Provost.</marc:subfield>
        </marc:datafield>
        <marc:datafield tag="245" ind1="1" ind2="0">
            <marc:subfield code="a">Appointment, Promotion and Tenure files,</marc:subfield>
            <marc:subfield code="f">2006-2007.</marc:subfield>
        </marc:datafield>
        <marc:datafield tag="300" ind1=" " ind2=" ">
            <marc:subfield code="a">15,000</marc:subfield>
            <marc:subfield code="f">items (15 boxes)</marc:subfield>
        </marc:datafield>
        <marc:datafield tag="506" ind1=" " ind2=" ">
            <marc:subfield code="a">Access restricted: Only approved Faculty Affairs staff may view this material.</marc:subfield>
        </marc:datafield>
        <marc:datafield tag="500" ind1=" " ind2=" ">
            <marc:subfield code="a">THIS MATERIAL DOES NOT CIRCULATE.</marc:subfield>
        </marc:datafield>
    </marc:record>