
    <marc:record>
        <marc:leader>00669npm a22001575a 4500</marc:leader>
        <marc:controlfield tag="001">003760304</marc:controlfield>
        <marc:controlfield tag="005">20120907132251.0</marc:controlfield>
        <marc:controlfield tag="008">060626i19992001ncu|||||||||||||| ||eng|d</marc:controlfield>
        <marc:datafield tag="110" ind1="2" ind2=" ">
            <marc:subfield code="a">Duke University.</marc:subfield>
            <marc:subfield code="b">Office of the Provost.</marc:subfield>
        </marc:datafield>
        <marc:datafield tag="245" ind1="1" ind2="0">
            <marc:subfield code="a">Strategic planning records,</marc:subfield>
            <marc:subfield code="f">1999-2001.</marc:subfield>
        </marc:datafield>
        <marc:datafield tag="300" ind1=" " ind2=" ">
            <marc:subfield code="a">4.5</marc:subfield>
            <marc:subfield code="f">linear feet</marc:subfield>
        </marc:datafield>
        <marc:datafield tag="300" ind1=" " ind2=" ">
            <marc:subfield code="a">62</marc:subfield>
            <marc:subfield code="f">electronic files</marc:subfield>
        </marc:datafield>
        <marc:datafield tag="500" ind1=" " ind2=" ">
            <marc:subfield code="a">TEMPORARY RECORD</marc:subfield>
        </marc:datafield>
        <marc:datafield tag="506" ind1=" " ind2=" ">
            <marc:subfield code="a">MATERIAL DOES NOT CIRCULATE</marc:subfield>
        </marc:datafield>
        <marc:datafield tag="506" ind1=" " ind2=" ">
            <marc:subfield code="a">Closed 25 years from date of creation.</marc:subfield>
        </marc:datafield>
        <marc:datafield tag="520" ind1="8" ind2=" ">
            <marc:subfield code="a">Files (3 boxes) from working groups and draft plans from schools and administrative units that went into the campus planning document, Building on Excellence; also includes Building on Excellence website, 62 files; 3.5 MB.</marc:subfield>
        </marc:datafield>
    </marc:record>