
    <marc:record>
        <marc:leader>00579npm a22001215a 4500</marc:leader>
        <marc:controlfield tag="001">003462293</marc:controlfield>
        <marc:controlfield tag="005">20120907112045.0</marc:controlfield>
        <marc:controlfield tag="008">050920i20022004ncu|||||||||||||| ||eng|d</marc:controlfield>
        <marc:datafield tag="110" ind1="2" ind2=" ">
            <marc:subfield code="a">Duke University. Office of the Provost.</marc:subfield>
        </marc:datafield>
        <marc:datafield tag="245" ind1="1" ind2="0">
            <marc:subfield code="a">New Faculty Orientation notebooks,</marc:subfield>
            <marc:subfield code="f">2002-2004.</marc:subfield>
        </marc:datafield>
        <marc:datafield tag="300" ind1=" " ind2=" ">
            <marc:subfield code="a">3</marc:subfield>
            <marc:subfield code="f">items (1 boxes)</marc:subfield>
        </marc:datafield>
        <marc:datafield tag="500" ind1=" " ind2=" ">
            <marc:subfield code="a">TEMPORARY RECORD</marc:subfield>
        </marc:datafield>
        <marc:datafield tag="520" ind1="8" ind2=" ">
            <marc:subfield code="a">3 New Faculty Orientation notebooks: 2002, 2003, 2004. Also included in transfer, copy of: Duke University Self Study, 1988, Crossing Boundaries: Interdisciplinary Planning for the Nineties. Item already cataloged, added as c. 2 and sent to LSC.</marc:subfield>
        </marc:datafield>
    </marc:record>