
    <marc:record>
        <marc:leader>00816npm a22001455a 4500</marc:leader>
        <marc:controlfield tag="001">004188245</marc:controlfield>
        <marc:controlfield tag="005">20120912153232.0</marc:controlfield>
        <marc:controlfield tag="008">090717i19902009ncu|||||||||||||| ||eng|d</marc:controlfield>
        <marc:datafield tag="110" ind1="2" ind2=" ">
            <marc:subfield code="a">Duke University.</marc:subfield>
            <marc:subfield code="b">Office of the Provost.</marc:subfield>
            <marc:subfield code="b">Vice Provost for Academic and Administrative Services.</marc:subfield>
        </marc:datafield>
        <marc:datafield tag="245" ind1="1" ind2="0">
            <marc:subfield code="a">Judith Ruderman records,</marc:subfield>
            <marc:subfield code="f">1990-2009.</marc:subfield>
        </marc:datafield>
        <marc:datafield tag="300" ind1=" " ind2=" ">
            <marc:subfield code="a">5000</marc:subfield>
            <marc:subfield code="f">items (7 paige boxes)</marc:subfield>
        </marc:datafield>
        <marc:datafield tag="500" ind1=" " ind2=" ">
            <marc:subfield code="a">TEMPORARY RECORD</marc:subfield>
        </marc:datafield>
        <marc:datafield tag="506" ind1=" " ind2=" ">
            <marc:subfield code="a">Access restricted: admin records.</marc:subfield>
        </marc:datafield>
        <marc:datafield tag="520" ind1="8" ind2=" ">
            <marc:subfield code="a">Materials from the planning, design, and construction of the Freeman Center for Jewish Life. Also includes Academic Integrity Council/Center for Academic Integrity files, accreditation committee files, materials from the establishment and operation of the Robertson Scholars program, and other academic and teaching evaluation materials.</marc:subfield>
        </marc:datafield>
        <marc:datafield tag="545" ind1=" " ind2=" ">
            <marc:subfield code="a">Office of the Provost.</marc:subfield>
        </marc:datafield>
    </marc:record>