
    <marc:record>
        <marc:leader>01747npcaa2200241Ia 4500</marc:leader>
        <marc:controlfield tag="001">003836444</marc:controlfield>
        <marc:controlfield tag="005">20070221093826.0</marc:controlfield>
        <marc:controlfield tag="008">030617s1969    ncu                 eng d</marc:controlfield>
        <marc:datafield tag="040" ind1=" " ind2=" ">
            <marc:subfield code="a">NDD</marc:subfield>
            <marc:subfield code="e">dacs</marc:subfield>
            <marc:subfield code="c">NDD</marc:subfield>
        </marc:datafield>
        <marc:datafield tag="049" ind1=" " ind2=" ">
            <marc:subfield code="a">NDH6</marc:subfield>
        </marc:datafield>
        <marc:datafield tag="099" ind1=" " ind2=" ">
            <marc:subfield code="a">6b</marc:subfield>
        </marc:datafield>
        <marc:datafield tag="110" ind1="2" ind2=" ">
            <marc:subfield code="a">Duke University.</marc:subfield>
            <marc:subfield code="b">Office of the Chancellor.</marc:subfield>
        </marc:datafield>
        <marc:datafield tag="245" ind1="1" ind2="0">
            <marc:subfield code="a">Office of the Chancellor records,</marc:subfield>
            <marc:subfield code="f">1969-[ongoing].</marc:subfield>
        </marc:datafield>
        <marc:datafield tag="300" ind1=" " ind2=" ">
            <marc:subfield code="a">5000</marc:subfield>
            <marc:subfield code="f">items (7.5 linear ft.)</marc:subfield>
        </marc:datafield>
        <marc:datafield tag="500" ind1=" " ind2=" ">
            <marc:subfield code="a">TEMPORARY RECORD.</marc:subfield>
        </marc:datafield>
        <marc:datafield tag="500" ind1=" " ind2=" ">
            <marc:subfield code="a">Closed pending processing.</marc:subfield>
        </marc:datafield>
        <marc:datafield tag="500" ind1=" " ind2=" ">
            <marc:subfield code="a">Unprocessed collection. Cataloged from accession records.</marc:subfield>
        </marc:datafield>
        <marc:datafield tag="506" ind1=" " ind2=" ">
            <marc:subfield code="a">Access restricted.</marc:subfield>
        </marc:datafield>
        <marc:datafield tag="545" ind1=" " ind2=" ">
            <marc:subfield code="a">President Emeritus R. L. Flowers was given the title of Chancellor in 1949 and the position was seemingly an honorary one. There are no records of his tenure. The office was again established in March 1969 when President D. M. Knight wanted an officer to assist with an increasing executive workload. The Chancellor was given responsibility for the internal operation of the University. Under the University By-laws of May 10, 1988, the Chancellor is an executive officer with powers and duties assigned by the President. The occupants of the office have been the following: Robert L. Flowers (1949-1951), Barnes Woodhall (1969-1970, pro tem), A. Kenneth Pye (1970-1971), John O. Blackburn (1971-1976); A. Kenneth Pye (1976-1982), and H. Keith H. Brodie (1982-1985).</marc:subfield>
        </marc:datafield>
        <marc:datafield tag="520" ind1="8" ind2=" ">
            <marc:subfield code="a">Chiefly records from the Office of the Chancellor that were transferred to the Archives apart from the records of each Chancellor and include correspondence, subject files, printed matter, reports, minutes, memoranda and files on committees and task forces appointed by the Chancellor.</marc:subfield>
        </marc:datafield>
        <marc:datafield tag="541" ind1=" " ind2=" ">
            <marc:subfield code="a">.</marc:subfield>
            <marc:subfield code="c">Transfer;</marc:subfield>
            <marc:subfield code="d">.</marc:subfield>
        </marc:datafield>
        <marc:datafield tag="555" ind1="8" ind2=" ">
            <marc:subfield code="a">Inventory in repository.</marc:subfield>
        </marc:datafield>
        <marc:datafield tag="590" ind1=" " ind2=" ">
            <marc:subfield code="a">*kds 20070221</marc:subfield>
        </marc:datafield>
    </marc:record>