
    <marc:record>
        <marc:leader>01436npcaa2200241Ia 4500</marc:leader>
        <marc:controlfield tag="001">003836463</marc:controlfield>
        <marc:controlfield tag="005">20070221094551.0</marc:controlfield>
        <marc:controlfield tag="008">030617i19691970ncu                 eng d</marc:controlfield>
        <marc:datafield tag="040" ind1=" " ind2=" ">
            <marc:subfield code="a">NDD</marc:subfield>
            <marc:subfield code="e">dacs</marc:subfield>
            <marc:subfield code="c">NDD</marc:subfield>
        </marc:datafield>
        <marc:datafield tag="049" ind1=" " ind2=" ">
            <marc:subfield code="a">NDH6</marc:subfield>
        </marc:datafield>
        <marc:datafield tag="099" ind1=" " ind2=" ">
            <marc:subfield code="a">5i</marc:subfield>
        </marc:datafield>
        <marc:datafield tag="100" ind1="1" ind2=" ">
            <marc:subfield code="a">Woodhall, Barnes,</marc:subfield>
            <marc:subfield code="d">1905-1985.</marc:subfield>
        </marc:datafield>
        <marc:datafield tag="245" ind1="1" ind2="0">
            <marc:subfield code="a">Barnes Woodhall, Chancellor, Records,</marc:subfield>
            <marc:subfield code="f">1969-1970.</marc:subfield>
        </marc:datafield>
        <marc:datafield tag="300" ind1=" " ind2=" ">
            <marc:subfield code="a">4000</marc:subfield>
            <marc:subfield code="f">items (6.0 linear ft.)</marc:subfield>
        </marc:datafield>
        <marc:datafield tag="500" ind1=" " ind2=" ">
            <marc:subfield code="a">TEMPORARY RECORD.</marc:subfield>
        </marc:datafield>
        <marc:datafield tag="500" ind1=" " ind2=" ">
            <marc:subfield code="a">Closed pending processing.</marc:subfield>
        </marc:datafield>
        <marc:datafield tag="500" ind1=" " ind2=" ">
            <marc:subfield code="a">Unprocessed collection. Cataloged from accession records.</marc:subfield>
        </marc:datafield>
        <marc:datafield tag="506" ind1=" " ind2=" ">
            <marc:subfield code="a">Access restricted.</marc:subfield>
        </marc:datafield>
        <marc:datafield tag="545" ind1=" " ind2=" ">
            <marc:subfield code="a">Woodhall (1905-1985) served as the Special Assistant to the President and then Chancellor pro tem from 1969-1970. Born January 22, 1905 in Rockport, ME, he was educated at Williams College (A.B., 1926) and Johns Hopkins University (M.D., 1930). He held several positions at Duke including appointments as Dean of the School of Medicine and Vice Provost of Medical Affairs. He died in 1985.</marc:subfield>
        </marc:datafield>
        <marc:datafield tag="520" ind1="8" ind2=" ">
            <marc:subfield code="a">Contains correspondence, addresses, reports, memoranda, clippings and printed material documenting Woodhall's role in the governance of the University. Topics include the student unrest of the period, such as the Allen Building takeover and Vietnam War protests, unionization of the Medical Center, the management of University-owned housing, as well as Duke Forest.</marc:subfield>
        </marc:datafield>
        <marc:datafield tag="541" ind1=" " ind2=" ">
            <marc:subfield code="a">.</marc:subfield>
            <marc:subfield code="c">Transfer;</marc:subfield>
            <marc:subfield code="d">.</marc:subfield>
        </marc:datafield>
        <marc:datafield tag="555" ind1="8" ind2=" ">
            <marc:subfield code="a">Inventory in repository.</marc:subfield>
        </marc:datafield>
        <marc:datafield tag="590" ind1=" " ind2=" ">
            <marc:subfield code="a">*kds 20070221</marc:subfield>
        </marc:datafield>
    </marc:record>