
    <marc:record>
        <marc:leader>01562npcaa2200229Ia 4500</marc:leader>
        <marc:controlfield tag="001">003834593</marc:controlfield>
        <marc:controlfield tag="005">20101217141957.0</marc:controlfield>
        <marc:controlfield tag="008">030617i1962    ncu                 eng d</marc:controlfield>
        <marc:datafield tag="040" ind1=" " ind2=" ">
            <marc:subfield code="a">NDD</marc:subfield>
            <marc:subfield code="e">dacs</marc:subfield>
            <marc:subfield code="c">NDD</marc:subfield>
        </marc:datafield>
        <marc:datafield tag="049" ind1=" " ind2=" ">
            <marc:subfield code="a">NDH6</marc:subfield>
        </marc:datafield>
        <marc:datafield tag="099" ind1=" " ind2=" ">
            <marc:subfield code="a">11i</marc:subfield>
        </marc:datafield>
        <marc:datafield tag="110" ind1="2" ind2=" ">
            <marc:subfield code="a">Duke University.</marc:subfield>
            <marc:subfield code="b">Office of Institutional Studies.</marc:subfield>
        </marc:datafield>
        <marc:datafield tag="245" ind1="1" ind2="0">
            <marc:subfield code="a">Office of Institutional Studies Records,</marc:subfield>
            <marc:subfield code="f">1962-.</marc:subfield>
        </marc:datafield>
        <marc:datafield tag="300" ind1=" " ind2=" ">
            <marc:subfield code="a">250</marc:subfield>
            <marc:subfield code="f">items (0.5 linear ft.)</marc:subfield>
        </marc:datafield>
        <marc:datafield tag="500" ind1=" " ind2=" ">
            <marc:subfield code="a">TEMPORARY RECORD.</marc:subfield>
        </marc:datafield>
        <marc:datafield tag="500" ind1=" " ind2=" ">
            <marc:subfield code="a">Unprocessed collection. Cataloged from accession records.</marc:subfield>
        </marc:datafield>
        <marc:datafield tag="506" ind1=" " ind2=" ">
            <marc:subfield code="a">Access restricted. Closed pending processing.</marc:subfield>
        </marc:datafield>
        <marc:datafield tag="545" ind1=" " ind2=" ">
            <marc:subfield code="a">Creation of a depatment of institutional studies was one of the recommendations in the final report (1961) of the University Committee on Long-Range Planning. The Office of Institutional Studies was established in September 1961, with Professor R.L. Predmore as its Director. He reported to the Assistant Provost for Planning and Institutional Studies/Vice President for Institutional Advancement, Everett H. Hopkins. David V. Martin became Coordinator of Institutional Studies in 196?. He was succeded in 1964 by Robert Ballantyne.</marc:subfield>
        </marc:datafield>
        <marc:datafield tag="520" ind1="8" ind2=" ">
            <marc:subfield code="a">Collection contains correspondence, reports, and other records. Major topics include committees at Duke, the placement of Ph.D. graduates, 1959-1961; the University's 1966 Profile for the Ford Foundation; the Admissions Research Committee and admissions counselors workshop, 1966; physical facilities and long-range planning, 1964-n.d.</marc:subfield>
        </marc:datafield>
        <marc:datafield tag="541" ind1=" " ind2=" ">
            <marc:subfield code="a">.</marc:subfield>
            <marc:subfield code="c">Transfer;</marc:subfield>
            <marc:subfield code="d">1976; 1998.</marc:subfield>
        </marc:datafield>
        <marc:datafield tag="555" ind1="8" ind2=" ">
            <marc:subfield code="a">Inventory in repository.</marc:subfield>
        </marc:datafield>
        <marc:datafield tag="590" ind1=" " ind2=" ">
            <marc:subfield code="a">*sab 20070214</marc:subfield>
        </marc:datafield>
    </marc:record>