
    <marc:record>
        <marc:leader>01777npcaa2200229Ia 4500</marc:leader>
        <marc:controlfield tag="001">003834786</marc:controlfield>
        <marc:controlfield tag="005">20080917215325.0</marc:controlfield>
        <marc:controlfield tag="008">030617i19631978ncu                 eng d</marc:controlfield>
        <marc:datafield tag="040" ind1=" " ind2=" ">
            <marc:subfield code="a">NDD</marc:subfield>
            <marc:subfield code="e">dacs</marc:subfield>
            <marc:subfield code="c">NDD</marc:subfield>
        </marc:datafield>
        <marc:datafield tag="049" ind1=" " ind2=" ">
            <marc:subfield code="a">NDH6</marc:subfield>
        </marc:datafield>
        <marc:datafield tag="099" ind1=" " ind2=" ">
            <marc:subfield code="a">11i</marc:subfield>
        </marc:datafield>
        <marc:datafield tag="110" ind1="2" ind2=" ">
            <marc:subfield code="a">Duke University.</marc:subfield>
            <marc:subfield code="b">Office of Planning and Institutional Studies.</marc:subfield>
        </marc:datafield>
        <marc:datafield tag="245" ind1="1" ind2="0">
            <marc:subfield code="a">Office of Planning and Institutional Studies records,</marc:subfield>
            <marc:subfield code="f">ca. 1963-1978.</marc:subfield>
        </marc:datafield>
        <marc:datafield tag="300" ind1=" " ind2=" ">
            <marc:subfield code="a">5, 000</marc:subfield>
            <marc:subfield code="f">items (7.0 linear ft.)</marc:subfield>
        </marc:datafield>
        <marc:datafield tag="500" ind1=" " ind2=" ">
            <marc:subfield code="a">TEMPORARY RECORD.</marc:subfield>
        </marc:datafield>
        <marc:datafield tag="500" ind1=" " ind2=" ">
            <marc:subfield code="a">Unprocessed collection. Cataloged from accession records.</marc:subfield>
        </marc:datafield>
        <marc:datafield tag="506" ind1=" " ind2=" ">
            <marc:subfield code="a">Closed pending processing.</marc:subfield>
        </marc:datafield>
        <marc:datafield tag="545" ind1=" " ind2=" ">
            <marc:subfield code="a">Office was created by President Knight in 1963 when he divided the responsibilities of Everett H. Hopkins who had been acting as both Vice-President for Institutional Advancement and Assistant Provost for Planning for Planning and Institutional Studies, and created two positions. Hopkins became the Vice-President for Planning and Institutional Studies and Frank L. Ashmore became Vice-President for Institutional Advancement. According to Dr. Knight, “The Vice-President for Planning and Institutional Studies will be a senior staff officer responsible for assisting the President in the continuing development of long-range plans for the University as a whole.”</marc:subfield>
        </marc:datafield>
        <marc:datafield tag="520" ind1="8" ind2=" ">
            <marc:subfield code="a">Collection contains reports and subject files for the Office of Planning and Institutional Studies. There is some overlap in materials with the Office of Institutional Advancement. Topics include Ford Foundation; Woman's College; Curriculum Committee; Teacher Education; Arts Center Planning; Town and Gown Relation; and Campus Planning. Materials in the collection date ca. 1963-1978.</marc:subfield>
        </marc:datafield>
        <marc:datafield tag="541" ind1=" " ind2=" ">
            <marc:subfield code="a">.</marc:subfield>
            <marc:subfield code="c">Transfer;</marc:subfield>
            <marc:subfield code="d">1964; 1976; 1983; 1995</marc:subfield>
        </marc:datafield>
        <marc:datafield tag="555" ind1="8" ind2=" ">
            <marc:subfield code="a">Inventory in repository.</marc:subfield>
        </marc:datafield>
        <marc:datafield tag="590" ind1=" " ind2=" ">
            <marc:subfield code="a">*sab 20070215</marc:subfield>
        </marc:datafield>
    </marc:record>