
    <marc:record>
        <marc:leader>00613npcaa22001815a 4500</marc:leader>
        <marc:controlfield tag="001">003397895</marc:controlfield>
        <marc:controlfield tag="005">20041220135806.0</marc:controlfield>
        <marc:controlfield tag="008">041220k19401980ncu|||||||||||||||||eng|d</marc:controlfield>
        <marc:datafield tag="040" ind1=" " ind2=" ">
            <marc:subfield code="a">NDD</marc:subfield>
            <marc:subfield code="e">dacs</marc:subfield>
            <marc:subfield code="c">NDD</marc:subfield>
        </marc:datafield>
        <marc:datafield tag="049" ind1=" " ind2=" ">
            <marc:subfield code="a">NDH6</marc:subfield>
            <marc:subfield code="d">[</marc:subfield>
            <marc:subfield code="v">=Box ]</marc:subfield>
            <marc:subfield code="v">1-35</marc:subfield>
        </marc:datafield>
        <marc:datafield tag="099" ind1=" " ind2=" ">
            <marc:subfield code="a">Library Service Center</marc:subfield>
        </marc:datafield>
        <marc:datafield tag="110" ind1="2" ind2=" ">
            <marc:subfield code="a">Duke University.</marc:subfield>
            <marc:subfield code="b">Library.</marc:subfield>
        </marc:datafield>
        <marc:datafield tag="245" ind1="1" ind2="0">
            <marc:subfield code="a">Library Administration :</marc:subfield>
            <marc:subfield code="b">B. E. Powell records,</marc:subfield>
            <marc:subfield code="f">circa 1940-1980.</marc:subfield>
        </marc:datafield>
        <marc:datafield tag="300" ind1=" " ind2=" ">
            <marc:subfield code="a">35000</marc:subfield>
            <marc:subfield code="f">items (52.5 linear ft.)</marc:subfield>
        </marc:datafield>
        <marc:datafield tag="500" ind1=" " ind2=" ">
            <marc:subfield code="a">TEMPORARY RECORD.</marc:subfield>
        </marc:datafield>
        <marc:datafield tag="506" ind1=" " ind2=" ">
            <marc:subfield code="a">Access restricted. Closed pending processing.</marc:subfield>
        </marc:datafield>
        <marc:datafield tag="500" ind1=" " ind2=" ">
            <marc:subfield code="a">In off-site storage; 24 hours advance notice may be required for use.</marc:subfield>
        </marc:datafield>
        <marc:datafield tag="590" ind1=" " ind2=" ">
            <marc:subfield code="a">*jak</marc:subfield>
        </marc:datafield>
    </marc:record>