
    <marc:record>
        <marc:leader>00436npm a22001215a 4500</marc:leader>
        <marc:controlfield tag="001">003859685</marc:controlfield>
        <marc:controlfield tag="005">20120912134421.0</marc:controlfield>
        <marc:controlfield tag="008">070514i19852005ncu|||||||||||||| ||eng|d</marc:controlfield>
        <marc:datafield tag="110" ind1="2" ind2=" ">
            <marc:subfield code="a">Duke University.</marc:subfield>
            <marc:subfield code="b">Library.</marc:subfield>
        </marc:datafield>
        <marc:datafield tag="245" ind1="1" ind2="0">
            <marc:subfield code="a">Library Communications Office photographs,</marc:subfield>
            <marc:subfield code="f">circa 1985-2005.</marc:subfield>
        </marc:datafield>
        <marc:datafield tag="300" ind1=" " ind2=" ">
            <marc:subfield code="a">350</marc:subfield>
            <marc:subfield code="f">items (1 box)</marc:subfield>
        </marc:datafield>
        <marc:datafield tag="500" ind1=" " ind2=" ">
            <marc:subfield code="a">TEMPORARY RECORD</marc:subfield>
        </marc:datafield>
        <marc:datafield tag="520" ind1="8" ind2=" ">
            <marc:subfield code="a">Photographs and image CDs of Library-related events. The contents range in date from crica 1985-2005.</marc:subfield>
        </marc:datafield>
    </marc:record>