
    <marc:record>
        <marc:leader>00733npm a22001215a 4500</marc:leader>
        <marc:controlfield tag="001">003592999</marc:controlfield>
        <marc:controlfield tag="005">20120907132021.0</marc:controlfield>
        <marc:controlfield tag="008">060405i19982004ncu|||||||||||||| ||eng|d</marc:controlfield>
        <marc:datafield tag="110" ind1="2" ind2=" ">
            <marc:subfield code="a">Duke University.</marc:subfield>
            <marc:subfield code="b">Library.</marc:subfield>
            <marc:subfield code="b">Support Staff Council.</marc:subfield>
        </marc:datafield>
        <marc:datafield tag="245" ind1="1" ind2="0">
            <marc:subfield code="a">Support Staff Council records,</marc:subfield>
            <marc:subfield code="f">circa 1998-2004.</marc:subfield>
        </marc:datafield>
        <marc:datafield tag="300" ind1=" " ind2=" ">
            <marc:subfield code="a">750</marc:subfield>
            <marc:subfield code="f">items (1 box)</marc:subfield>
        </marc:datafield>
        <marc:datafield tag="500" ind1=" " ind2=" ">
            <marc:subfield code="a">TEMPORARY RECORD</marc:subfield>
        </marc:datafield>
        <marc:datafield tag="520" ind1="8" ind2=" ">
            <marc:subfield code="a">Perkins Library System Support Staff Council records include minutes, correspondence, surveys, reports, and other materials created or collected by the Support Staff Council from about 1998 to 2004. Major subjects include the Career Paths Task Force, Critical Choices, membership, morale, standards for performance evaluations, programming, salary compression, and workplace assessment.</marc:subfield>
        </marc:datafield>
    </marc:record>