
    <marc:record>
        <marc:leader>00609npm a22001335a 4500</marc:leader>
        <marc:controlfield tag="001">003461530</marc:controlfield>
        <marc:controlfield tag="005">20120907102603.0</marc:controlfield>
        <marc:controlfield tag="008">050920i19381990ncu|||||||||||||| ||eng|d</marc:controlfield>
        <marc:datafield tag="110" ind1="2" ind2=" ">
            <marc:subfield code="a">Duke University.</marc:subfield>
            <marc:subfield code="b">Library.</marc:subfield>
            <marc:subfield code="b">Staff Association.</marc:subfield>
        </marc:datafield>
        <marc:datafield tag="245" ind1="1" ind2="0">
            <marc:subfield code="a">Duke University Library Staff Association records,</marc:subfield>
            <marc:subfield code="f">circa 1938-1990.</marc:subfield>
        </marc:datafield>
        <marc:datafield tag="300" ind1=" " ind2=" ">
            <marc:subfield code="a">1500</marc:subfield>
            <marc:subfield code="f">items (2 boxes)</marc:subfield>
        </marc:datafield>
        <marc:datafield tag="500" ind1=" " ind2=" ">
            <marc:subfield code="a">TEMPORARY RECORD</marc:subfield>
        </marc:datafield>
        <marc:datafield tag="520" ind1="8" ind2=" ">
            <marc:subfield code="a">Minutes, agendas, announcements, committee files, flyers, planning documents, directories, newsletters, and other materials created and collected by DULSA, the Duke University Library Staff Association.</marc:subfield>
        </marc:datafield>
        <marc:datafield tag="500" ind1=" " ind2=" ">
            <marc:subfield code="a">Old sys. no. : 003461312</marc:subfield>
        </marc:datafield>
    </marc:record>