
    <marc:record>
        <marc:leader>01007npm a22001455a 4500</marc:leader>
        <marc:controlfield tag="001">003988492</marc:controlfield>
        <marc:controlfield tag="005">20120912152243.0</marc:controlfield>
        <marc:controlfield tag="008">080811i19982003ncu|||||||||||||| ||eng|d</marc:controlfield>
        <marc:datafield tag="110" ind1="2" ind2=" ">
            <marc:subfield code="a">Duke University.</marc:subfield>
            <marc:subfield code="b">Library.</marc:subfield>
            <marc:subfield code="b">Perkins Library System Diversity Working Group.</marc:subfield>
        </marc:datafield>
        <marc:datafield tag="245" ind1="1" ind2="0">
            <marc:subfield code="a">Diversity Working Group records,</marc:subfield>
            <marc:subfield code="f">1998-2003.</marc:subfield>
        </marc:datafield>
        <marc:datafield tag="300" ind1=" " ind2=" ">
            <marc:subfield code="a">500</marc:subfield>
            <marc:subfield code="f">items (1 box)</marc:subfield>
        </marc:datafield>
        <marc:datafield tag="500" ind1=" " ind2=" ">
            <marc:subfield code="a">TEMPORARY RECORD</marc:subfield>
        </marc:datafield>
        <marc:datafield tag="506" ind1=" " ind2=" ">
            <marc:subfield code="a">Access restricted: unprocessed.</marc:subfield>
        </marc:datafield>
        <marc:datafield tag="520" ind1="8" ind2=" ">
            <marc:subfield code="a">Accession contains printed materials relating to the operation of the DWG including agendas, annual reports, minutes, surveys, and memos. Materials range in date from 1998-2003.</marc:subfield>
        </marc:datafield>
        <marc:datafield tag="545" ind1=" " ind2=" ">
            <marc:subfield code="a">The charge of the Diversity Working Group (DWG) is to plan, facilitate, and conduct programs related to diversity within the Duke University Libraries (DUL). Additionally, the DWG is expected to liaison with the Office for Institutional Equity (OIE) and participate and/or collaborate in campus-wide diversity planning and activities, where appropriate. The DWG reports to the DUL Executive Group.</marc:subfield>
        </marc:datafield>
    </marc:record>