
    <marc:record>
        <marc:leader>00797npcaa2200217Ia 4500</marc:leader>
        <marc:controlfield tag="001">003845940</marc:controlfield>
        <marc:controlfield tag="005">20070326113919.0</marc:controlfield>
        <marc:controlfield tag="008">030617i19661969ncu                 eng d</marc:controlfield>
        <marc:datafield tag="040" ind1=" " ind2=" ">
            <marc:subfield code="a">NDD</marc:subfield>
            <marc:subfield code="e">dacs</marc:subfield>
            <marc:subfield code="c">NDD</marc:subfield>
        </marc:datafield>
        <marc:datafield tag="049" ind1=" " ind2=" ">
            <marc:subfield code="a">NDH6</marc:subfield>
        </marc:datafield>
        <marc:datafield tag="099" ind1=" " ind2=" ">
            <marc:subfield code="a">15m-t, sections 30-31</marc:subfield>
        </marc:datafield>
        <marc:datafield tag="110" ind1="2" ind2=" ">
            <marc:subfield code="a">Duke University.</marc:subfield>
            <marc:subfield code="b">Library.</marc:subfield>
            <marc:subfield code="c">Technical Services.</marc:subfield>
        </marc:datafield>
        <marc:datafield tag="245" ind1="1" ind2="0">
            <marc:subfield code="a">Library Technical Services records,</marc:subfield>
            <marc:subfield code="f">1942-[ongoing].</marc:subfield>
        </marc:datafield>
        <marc:datafield tag="300" ind1=" " ind2=" ">
            <marc:subfield code="a">13,000</marc:subfield>
            <marc:subfield code="f">items (35.7 linear ft.)</marc:subfield>
        </marc:datafield>
        <marc:datafield tag="500" ind1=" " ind2=" ">
            <marc:subfield code="a">TEMPORARY RECORD.</marc:subfield>
        </marc:datafield>
        <marc:datafield tag="500" ind1=" " ind2=" ">
            <marc:subfield code="a">Unprocessed collection. Cataloged from accession records.</marc:subfield>
        </marc:datafield>
        <marc:datafield tag="506" ind1=" " ind2=" ">
            <marc:subfield code="a">Access restricted.</marc:subfield>
        </marc:datafield>
        <marc:datafield tag="520" ind1="8" ind2=" ">
            <marc:subfield code="a">Includes reports, memoranda, correspondence, subject files and other material related to the Library's Technical Services Department.</marc:subfield>
        </marc:datafield>
        <marc:datafield tag="541" ind1=" " ind2=" ">
            <marc:subfield code="a">.</marc:subfield>
            <marc:subfield code="c">Transfer;</marc:subfield>
            <marc:subfield code="d">.</marc:subfield>
        </marc:datafield>
        <marc:datafield tag="555" ind1="8" ind2=" ">
            <marc:subfield code="a">Inventory in repository.</marc:subfield>
        </marc:datafield>
        <marc:datafield tag="590" ind1=" " ind2=" ">
            <marc:subfield code="a">*kds 20070322</marc:subfield>
        </marc:datafield>
    </marc:record>