
    <marc:record>
        <marc:leader>01210npcaa2200265Ia 4500</marc:leader>
        <marc:controlfield tag="001">003773321</marc:controlfield>
        <marc:controlfield tag="005">20061009102057.0</marc:controlfield>
        <marc:controlfield tag="008">060811i19822006ncu                 eng d</marc:controlfield>
        <marc:datafield tag="035" ind1=" " ind2=" ">
            <marc:subfield code="a">70879972</marc:subfield>
        </marc:datafield>
        <marc:datafield tag="040" ind1=" " ind2=" ">
            <marc:subfield code="a">NDD</marc:subfield>
            <marc:subfield code="e">dacs</marc:subfield>
            <marc:subfield code="c">NDD</marc:subfield>
        </marc:datafield>
        <marc:datafield tag="049" ind1=" " ind2=" ">
            <marc:subfield code="a">NDH6</marc:subfield>
        </marc:datafield>
        <marc:datafield tag="050" ind1="9" ind2="9">
            <marc:subfield code="a">Z733.D85</marc:subfield>
            <marc:subfield code="b">P475 1982</marc:subfield>
        </marc:datafield>
        <marc:datafield tag="099" ind1=" " ind2=" ">
            <marc:subfield code="a">15t</marc:subfield>
        </marc:datafield>
        <marc:datafield tag="110" ind1="2" ind2=" ">
            <marc:subfield code="a">Duke University.</marc:subfield>
            <marc:subfield code="b">Library.</marc:subfield>
        </marc:datafield>
        <marc:datafield tag="245" ind1="1" ind2="0">
            <marc:subfield code="a">Perkins Library suggestion/answer book,</marc:subfield>
            <marc:subfield code="f">1982-2006.</marc:subfield>
        </marc:datafield>
        <marc:datafield tag="246" ind1="1" ind2="0">
            <marc:subfield code="a">Suggestion/answer book</marc:subfield>
        </marc:datafield>
        <marc:datafield tag="300" ind1=" " ind2=" ">
            <marc:subfield code="a">1959 pages</marc:subfield>
        </marc:datafield>
        <marc:datafield tag="500" ind1=" " ind2=" ">
            <marc:subfield code="a">Pagination irregular: 1-1000, 2100-2600, 2700-3159.</marc:subfield>
        </marc:datafield>
        <marc:datafield tag="500" ind1=" " ind2=" ">
            <marc:subfield code="a">Electronic excerpts available for contents dated 1999-2006 in Perkins Library Online Suggestion Book: http://www.lib.duke.edu/suggest/</marc:subfield>
        </marc:datafield>
        <marc:datafield tag="545" ind1=" " ind2=" ">
            <marc:subfield code="a">The Perkins Library suggestion/answer book was started in 1982, as a loose-leaf binder located in the Perkins Library lobby at Duke University. Library visitors entered questions and suggestions into the book; the Answer Person responded to them.</marc:subfield>
        </marc:datafield>
        <marc:datafield tag="590" ind1=" " ind2=" ">
            <marc:subfield code="a">*jak 20060811</marc:subfield>
        </marc:datafield>
        <marc:datafield tag="610" ind1="2" ind2="0">
            <marc:subfield code="a">Duke University.</marc:subfield>
            <marc:subfield code="b">Library.</marc:subfield>
        </marc:datafield>
        <marc:datafield tag="650" ind1=" " ind2="0">
            <marc:subfield code="a">Academic libraries</marc:subfield>
            <marc:subfield code="x">Reference services</marc:subfield>
            <marc:subfield code="z">North Carolina</marc:subfield>
            <marc:subfield code="z">Durham.</marc:subfield>
        </marc:datafield>
        <marc:datafield tag="650" ind1=" " ind2="0">
            <marc:subfield code="a">Libraries</marc:subfield>
            <marc:subfield code="x">User satisfaction.</marc:subfield>
        </marc:datafield>
        <marc:datafield tag="710" ind1="2" ind2=" ">
            <marc:subfield code="a">Duke University.</marc:subfield>
            <marc:subfield code="b">Library.</marc:subfield>
            <marc:subfield code="b">Answer Person.</marc:subfield>
        </marc:datafield>
    </marc:record>