
    <marc:record>
        <marc:leader>01383npcaa2200241Ia 4500</marc:leader>
        <marc:controlfield tag="001">003846758</marc:controlfield>
        <marc:controlfield tag="005">20140117103621.0</marc:controlfield>
        <marc:controlfield tag="008">140117i19701999ncu                 eng d</marc:controlfield>
        <marc:datafield tag="024" ind1="8" ind2=" ">
            <marc:subfield code="a">uauniversitylife</marc:subfield>
            <marc:subfield code="d">DUKEPLEAD</marc:subfield>
        </marc:datafield>
        <marc:datafield tag="035" ind1=" " ind2=" ">
            <marc:subfield code="a">868306560</marc:subfield>
        </marc:datafield>
        <marc:datafield tag="040" ind1=" " ind2=" ">
            <marc:subfield code="a">NDD</marc:subfield>
            <marc:subfield code="c">NDD</marc:subfield>
        </marc:datafield>
        <marc:datafield tag="049" ind1=" " ind2=" ">
            <marc:subfield code="a">NDH6</marc:subfield>
        </marc:datafield>
        <marc:datafield tag="110" ind1="2" ind2=" ">
            <marc:subfield code="a">Duke University.</marc:subfield>
            <marc:subfield code="b">Office of University Life.</marc:subfield>
        </marc:datafield>
        <marc:datafield tag="245" ind1="1" ind2="0">
            <marc:subfield code="a">Office of University Life records,</marc:subfield>
            <marc:subfield code="f">1970-1999.</marc:subfield>
        </marc:datafield>
        <marc:datafield tag="300" ind1=" " ind2=" ">
            <marc:subfield code="a">3.5</marc:subfield>
            <marc:subfield code="f">linear ft.</marc:subfield>
        </marc:datafield>
        <marc:datafield tag="545" ind1=" " ind2=" ">
            <marc:subfield code="a">The Office of University Life was created in the 1993 reorganization of the Division of Student Affairs and is responsible for cultural programming and the scheduling of cultural facilities. It is also responsible for the oversight and advising of student organizations, including student government and the University Union. It was previously known as the Office of Cultural Affairs.</marc:subfield>
        </marc:datafield>
        <marc:datafield tag="520" ind1="8" ind2=" ">
            <marc:subfield code="a">The collection includes files on events, correspondence, and memoranda. It also contains the files of Richard Cox while serving as Associate Dean of University Life and of the Greek Life Task Force.</marc:subfield>
        </marc:datafield>
        <marc:datafield tag="600" ind1="1" ind2="0">
            <marc:subfield code="a">Cox, Richard.</marc:subfield>
        </marc:datafield>
        <marc:datafield tag="610" ind1="2" ind2="0">
            <marc:subfield code="a">Duke University</marc:subfield>
            <marc:subfield code="x">Administration.</marc:subfield>
        </marc:datafield>
        <marc:datafield tag="610" ind1="2" ind2="0">
            <marc:subfield code="a">Duke University</marc:subfield>
            <marc:subfield code="x">Students</marc:subfield>
            <marc:subfield code="x">Social life and customs.</marc:subfield>
        </marc:datafield>
        <marc:datafield tag="610" ind1="2" ind2="0">
            <marc:subfield code="a">Duke University.</marc:subfield>
            <marc:subfield code="b">Office of Cultural Affairs.</marc:subfield>
        </marc:datafield>
        <marc:datafield tag="610" ind1="2" ind2="0">
            <marc:subfield code="a">Duke University.</marc:subfield>
            <marc:subfield code="b">Greek Life Task Force.</marc:subfield>
        </marc:datafield>
        <marc:datafield tag="856" ind1="4" ind2="2">
            <marc:subfield code="y">Collection Guide</marc:subfield>
            <marc:subfield code="u">http://library.duke.edu/rubenstein/findingaids/uauniversitylife/</marc:subfield>
        </marc:datafield>
    </marc:record>