
    <marc:record>
        <marc:leader>00960npm a22001575a 4500</marc:leader>
        <marc:controlfield tag="001">003460353</marc:controlfield>
        <marc:controlfield tag="005">20120907102227.0</marc:controlfield>
        <marc:controlfield tag="008">050906i19881991ncu|||||||||||||| ||eng|d</marc:controlfield>
        <marc:datafield tag="110" ind1="2" ind2=" ">
            <marc:subfield code="a">Duke University.</marc:subfield>
            <marc:subfield code="b">Preview Program.</marc:subfield>
        </marc:datafield>
        <marc:datafield tag="245" ind1="1" ind2="0">
            <marc:subfield code="a">Duke Preview Program final reports,</marc:subfield>
            <marc:subfield code="f">1988-1991.</marc:subfield>
        </marc:datafield>
        <marc:datafield tag="300" ind1=" " ind2=" ">
            <marc:subfield code="a">0.5</marc:subfield>
            <marc:subfield code="f">linear feet</marc:subfield>
        </marc:datafield>
        <marc:datafield tag="500" ind1=" " ind2=" ">
            <marc:subfield code="a">TEMPORARY RECORD</marc:subfield>
        </marc:datafield>
        <marc:datafield tag="500" ind1=" " ind2=" ">
            <marc:subfield code="a">MATERIAL DOES NOT CIRCULATE</marc:subfield>
        </marc:datafield>
        <marc:datafield tag="506" ind1=" " ind2=" ">
            <marc:subfield code="a">Access restricted: student records/ admin records</marc:subfield>
        </marc:datafield>
        <marc:datafield tag="520" ind1="8" ind2=" ">
            <marc:subfield code="a">Final reports for 1989, 1990, 1991, and informational pamphlet/poster for 1988.</marc:subfield>
        </marc:datafield>
        <marc:datafield tag="545" ind1=" " ind2=" ">
            <marc:subfield code="a">The Duke Preview Program was an academic enrichment program for entering freshmen minority students. Taken the summer session before the student's first semester, the Preview Program curriculum included: introductory composition and rhetoric, precalculus mathematics, academic skills, and academic computing. Caroline Lattimore served as the Director. Prior to 1987, the program was known as the Summer Transitional Program.</marc:subfield>
        </marc:datafield>
    </marc:record>