
    <marc:record>
        <marc:leader>01832npcaa2200241Ia 4500</marc:leader>
        <marc:controlfield tag="001">003828863</marc:controlfield>
        <marc:controlfield tag="005">20070126084417.0</marc:controlfield>
        <marc:controlfield tag="008">030617i19511978ncu                 eng d</marc:controlfield>
        <marc:datafield tag="040" ind1=" " ind2=" ">
            <marc:subfield code="a">NDD</marc:subfield>
            <marc:subfield code="e">dacs</marc:subfield>
            <marc:subfield code="c">NDD</marc:subfield>
        </marc:datafield>
        <marc:datafield tag="049" ind1=" " ind2=" ">
            <marc:subfield code="a">NDH6</marc:subfield>
        </marc:datafield>
        <marc:datafield tag="099" ind1=" " ind2=" ">
            <marc:subfield code="a">13n</marc:subfield>
        </marc:datafield>
        <marc:datafield tag="110" ind1="2" ind2=" ">
            <marc:subfield code="a">Duke University. Undergraduate Judicial Board.</marc:subfield>
        </marc:datafield>
        <marc:datafield tag="245" ind1="1" ind2="0">
            <marc:subfield code="a">Undergraduate Judicial Board records,</marc:subfield>
            <marc:subfield code="f">1951-1978.</marc:subfield>
        </marc:datafield>
        <marc:datafield tag="300" ind1=" " ind2=" ">
            <marc:subfield code="a">500</marc:subfield>
            <marc:subfield code="f">items (1.4 linear ft.)</marc:subfield>
        </marc:datafield>
        <marc:datafield tag="500" ind1=" " ind2=" ">
            <marc:subfield code="a">TEMPORARY RECORD.</marc:subfield>
        </marc:datafield>
        <marc:datafield tag="500" ind1=" " ind2=" ">
            <marc:subfield code="a">This collection is closed, except by permission of the University Archivist. Access to and use of student records is regulated by FERPA.</marc:subfield>
        </marc:datafield>
        <marc:datafield tag="500" ind1=" " ind2=" ">
            <marc:subfield code="a">Unprocessed collection. Cataloged from accession records.</marc:subfield>
        </marc:datafield>
        <marc:datafield tag="506" ind1=" " ind2=" ">
            <marc:subfield code="a">Access restricted.</marc:subfield>
        </marc:datafield>
        <marc:datafield tag="545" ind1=" " ind2=" ">
            <marc:subfield code="a">The Undergraduate Judicial Board was created in 1969 in accordance with the recommendations of the University Committee on Judicial Procedures appointed by President Knight in March 1968. Professor Richard L. Watson, Jr. chaired the committee. The UJB was responsible for adjudicating disciplinary cases and disputes for students of the School of Nursing, the Woman's College, the School of Engineering, and Trinity College. Previously, the individual schools had their own judicial system. The UJB continues to serve as one of the community boards within the University Judicial system. A UJB holds jurisdiction over Pickets and Protests issues and cases involving more than one community. The UJB consists of undergraduates, faculty members and deans.</marc:subfield>
        </marc:datafield>
        <marc:datafield tag="520" ind1="8" ind2=" ">
            <marc:subfield code="a">Records consist of correspondence, reports, proposals and case files. Names have been removed from case files. One box contains sample case files with names and is restricted due to personally-identifiable information. The material ranges in date from 1951-1978.</marc:subfield>
        </marc:datafield>
        <marc:datafield tag="541" ind1=" " ind2=" ">
            <marc:subfield code="a">.</marc:subfield>
            <marc:subfield code="c">Transfer;</marc:subfield>
            <marc:subfield code="d">1988-1989.</marc:subfield>
        </marc:datafield>
        <marc:datafield tag="555" ind1="8" ind2=" ">
            <marc:subfield code="a">Inventory in repository.</marc:subfield>
        </marc:datafield>
        <marc:datafield tag="590" ind1=" " ind2=" ">
            <marc:subfield code="a">*kds 20070126</marc:subfield>
        </marc:datafield>
    </marc:record>