
    <marc:record>
        <marc:leader>00563npm a22001215a 4500</marc:leader>
        <marc:controlfield tag="001">003475945</marc:controlfield>
        <marc:controlfield tag="005">20120907112150.0</marc:controlfield>
        <marc:controlfield tag="008">050928i19502005ncu|||||||||||||| ||eng|d</marc:controlfield>
        <marc:datafield tag="110" ind1="2" ind2=" ">
            <marc:subfield code="a">Duke University.</marc:subfield>
            <marc:subfield code="b">Union.</marc:subfield>
        </marc:datafield>
        <marc:datafield tag="245" ind1="1" ind2="0">
            <marc:subfield code="a">Posters,</marc:subfield>
            <marc:subfield code="f">circa 1950-2005.</marc:subfield>
        </marc:datafield>
        <marc:datafield tag="300" ind1=" " ind2=" ">
            <marc:subfield code="a">approx. 500</marc:subfield>
            <marc:subfield code="f">items (4 oversize boxes)</marc:subfield>
        </marc:datafield>
        <marc:datafield tag="500" ind1=" " ind2=" ">
            <marc:subfield code="a">TEMPORARY RECORD</marc:subfield>
        </marc:datafield>
        <marc:datafield tag="520" ind1="8" ind2=" ">
            <marc:subfield code="a">Posters, flyers, and other publicity materials for Duke University Union-sponsored events, including Major Speakers, Freewater Films, WXDU, Cable 13, and other performing arts and cultural events. Materials range in date from circa 1950 to 2005.</marc:subfield>
        </marc:datafield>
    </marc:record>