
    <marc:record>
        <marc:leader>01485npcaa2200241Ia 4500</marc:leader>
        <marc:controlfield tag="001">003793050</marc:controlfield>
        <marc:controlfield tag="005">20061002112207.0</marc:controlfield>
        <marc:controlfield tag="008">030617i19872000ncu                 eng d</marc:controlfield>
        <marc:datafield tag="040" ind1=" " ind2=" ">
            <marc:subfield code="a">NDD</marc:subfield>
            <marc:subfield code="e">dacs</marc:subfield>
            <marc:subfield code="c">NDD</marc:subfield>
        </marc:datafield>
        <marc:datafield tag="049" ind1=" " ind2=" ">
            <marc:subfield code="a">[Off-Site] NDH6</marc:subfield>
        </marc:datafield>
        <marc:datafield tag="099" ind1=" " ind2=" ">
            <marc:subfield code="a">Library Service Center.</marc:subfield>
        </marc:datafield>
        <marc:datafield tag="110" ind1="2" ind2=" ">
            <marc:subfield code="a">Duke University.</marc:subfield>
            <marc:subfield code="b">Jewish Life at Duke.</marc:subfield>
        </marc:datafield>
        <marc:datafield tag="245" ind1="1" ind2="0">
            <marc:subfield code="a">Freeman Center for Jewish Life,</marc:subfield>
            <marc:subfield code="f">1987-2000.</marc:subfield>
        </marc:datafield>
        <marc:datafield tag="300" ind1=" " ind2=" ">
            <marc:subfield code="a">1000</marc:subfield>
            <marc:subfield code="f">items (1.0 linear ft.)</marc:subfield>
        </marc:datafield>
        <marc:datafield tag="500" ind1=" " ind2=" ">
            <marc:subfield code="a">TEMPORARY RECORD.</marc:subfield>
        </marc:datafield>
        <marc:datafield tag="500" ind1=" " ind2=" ">
            <marc:subfield code="a">In off-site storage; 24 hours advance notice may be required for use.</marc:subfield>
        </marc:datafield>
        <marc:datafield tag="500" ind1=" " ind2=" ">
            <marc:subfield code="a">Unprocessed collection. Cataloged from accession records.</marc:subfield>
        </marc:datafield>
        <marc:datafield tag="506" ind1=" " ind2=" ">
            <marc:subfield code="a">Access restricted.</marc:subfield>
        </marc:datafield>
        <marc:datafield tag="545" ind1=" " ind2=" ">
            <marc:subfield code="a">The Freeman Center for Jewish Life is part of Jewish Life at Duke. Together with the Rubenstein-Silvers Hillel it strives to create a dynamic Jewish community that expresses the full spectrum of Jewish identity.</marc:subfield>
        </marc:datafield>
        <marc:datafield tag="520" ind1="8" ind2=" ">
            <marc:subfield code="a">Records include Board of Directors and User Committee documentation, correspondence, memoranda, minutes, reports, photographs, negatives, slides, brochures, newsletters, technical documents and other records concerning the planning, development, construction, and dedication of the Freeman Center. Other topics include Mikvah, Hillel-Center for Jewish Life relations, the Chronicle Holocaust ad controversy (1991-1992), and other matters concerning Jewish life on campus. Materials range in date from 1987-2000.</marc:subfield>
        </marc:datafield>
        <marc:datafield tag="541" ind1=" " ind2=" ">
            <marc:subfield code="a">.</marc:subfield>
            <marc:subfield code="c">Transfer;</marc:subfield>
            <marc:subfield code="d">2000.</marc:subfield>
        </marc:datafield>
        <marc:datafield tag="555" ind1="8" ind2=" ">
            <marc:subfield code="a">Inventory in repository.</marc:subfield>
        </marc:datafield>
        <marc:datafield tag="590" ind1=" " ind2=" ">
            <marc:subfield code="a">*sab 20061002</marc:subfield>
        </marc:datafield>
    </marc:record>