
    <marc:record>
        <marc:leader>02817npcaa2200289Ia 4500</marc:leader>
        <marc:controlfield tag="001">003844260</marc:controlfield>
        <marc:controlfield tag="005">20120712092937.0</marc:controlfield>
        <marc:controlfield tag="008">120712i19672003ncu                 eng d</marc:controlfield>
        <marc:datafield tag="024" ind1="8" ind2=" ">
            <marc:subfield code="a">uadixonthomas</marc:subfield>
            <marc:subfield code="d">DUKEPLEAD</marc:subfield>
        </marc:datafield>
        <marc:datafield tag="035" ind1=" " ind2=" ">
            <marc:subfield code="a">798921673</marc:subfield>
        </marc:datafield>
        <marc:datafield tag="040" ind1=" " ind2=" ">
            <marc:subfield code="a">NDD</marc:subfield>
            <marc:subfield code="c">NDD</marc:subfield>
        </marc:datafield>
        <marc:datafield tag="049" ind1=" " ind2=" ">
            <marc:subfield code="a">NDDP</marc:subfield>
        </marc:datafield>
        <marc:datafield tag="100" ind1="1" ind2=" ">
            <marc:subfield code="a">Dixon, Thomas E.</marc:subfield>
            <marc:subfield code="q">(Thomas Edward),</marc:subfield>
            <marc:subfield code="d">1948-</marc:subfield>
        </marc:datafield>
        <marc:datafield tag="245" ind1="1" ind2="0">
            <marc:subfield code="a">Thomas E. Dixon Papers,</marc:subfield>
            <marc:subfield code="f">1967-1993.</marc:subfield>
        </marc:datafield>
        <marc:datafield tag="300" ind1=" " ind2=" ">
            <marc:subfield code="a">18,000</marc:subfield>
            <marc:subfield code="f">items (18.0 linear ft.)</marc:subfield>
        </marc:datafield>
        <marc:datafield tag="545" ind1=" " ind2=" ">
            <marc:subfield code="a">Thomas E. Dixon (Ed. D., Duke University, 1980), held various administrative positions at Duke University from the 1970s through the early 1990s, including Associate University Controller, Controller and Co-director of Human Resources, Associate Vice President for Administrative Services, and Vice President for Administrative Services (1989-1993).</marc:subfield>
        </marc:datafield>
        <marc:datafield tag="520" ind1="8" ind2=" ">
            <marc:subfield code="a">The Thomas E. Dixon Papers, 1967-1993, comprise correspondence, memoranda, reports, meeting agendas and minutes, and other materials that document Thomas Dixon's tenure as Vice President for Administrative Services and other positions he held at Duke University from the late 1970s through the early 1990s. Records primarily consist of subject files pertaining to operations of non-academic divisions of the university, including Auxiliary Services, the Facilities Management Department, the Office of Human Resources, and the Telecommunications Division (Tel-Com). Several committees on which Dixon served or interacted with are represented, including the President's Advisory Committee on Resources, the Safety Task Force, and the Committee on Social Implications of Duke's Investment Policy, the last-named of which, among other issues, investigated corporate divestiture in South Africa in the late 1970s and early 1980s. Other prominent groups of materials in the collection include minutes of several committees of the Duke University Board of Trustees (see Restrictions) and a variety of correspondence, meetings, and reports that document the planning and building of the Washington Duke Inn &amp; Golf Club, opened in 1988. Numerous blueprints appear in the Washington Duke folder group, as well as in other subject files in the collection.</marc:subfield>
        </marc:datafield>
        <marc:datafield tag="590" ind1=" " ind2=" ">
            <marc:subfield code="a">*sab 20070316</marc:subfield>
        </marc:datafield>
        <marc:datafield tag="610" ind1="2" ind2="0">
            <marc:subfield code="a">Duke University.</marc:subfield>
            <marc:subfield code="b">Auxiliary Services.</marc:subfield>
        </marc:datafield>
        <marc:datafield tag="610" ind1="2" ind2="0">
            <marc:subfield code="a">Duke University.</marc:subfield>
            <marc:subfield code="b">Board of Trustees.</marc:subfield>
        </marc:datafield>
        <marc:datafield tag="610" ind1="2" ind2="0">
            <marc:subfield code="a">Duke University.</marc:subfield>
            <marc:subfield code="b">Committee on Social Implications of Duke's Investment Policy.</marc:subfield>
        </marc:datafield>
        <marc:datafield tag="610" ind1="2" ind2="0">
            <marc:subfield code="a">Duke University.</marc:subfield>
            <marc:subfield code="b">Facilities Management Department.</marc:subfield>
        </marc:datafield>
        <marc:datafield tag="610" ind1="2" ind2="0">
            <marc:subfield code="a">Duke University.</marc:subfield>
            <marc:subfield code="b">Office of Human Resources.</marc:subfield>
        </marc:datafield>
        <marc:datafield tag="610" ind1="2" ind2="0">
            <marc:subfield code="a">Duke University.</marc:subfield>
            <marc:subfield code="b">President's Advisory Committee on Resources.</marc:subfield>
        </marc:datafield>
        <marc:datafield tag="610" ind1="2" ind2="0">
            <marc:subfield code="a">Duke University.</marc:subfield>
            <marc:subfield code="b">Vice President for Administrative Services.</marc:subfield>
        </marc:datafield>
        <marc:datafield tag="610" ind1="2" ind2="0">
            <marc:subfield code="a">Washington Duke Inn &amp; Golf Club (Durham, N.C.)</marc:subfield>
            <marc:subfield code="x">History.</marc:subfield>
        </marc:datafield>
        <marc:datafield tag="856" ind1="4" ind2="2">
            <marc:subfield code="y">Collection guide</marc:subfield>
            <marc:subfield code="u">http://library.duke.edu/rubenstein/findingaids/uadixonthomas/</marc:subfield>
        </marc:datafield>
    </marc:record>