
    <marc:record>
        <marc:leader>01300npcaa2200229Ia 4500</marc:leader>
        <marc:controlfield tag="001">003842688</marc:controlfield>
        <marc:controlfield tag="005">20070309111904.0</marc:controlfield>
        <marc:controlfield tag="008">030617i19671990ncu                 eng d</marc:controlfield>
        <marc:datafield tag="040" ind1=" " ind2=" ">
            <marc:subfield code="a">NDD</marc:subfield>
            <marc:subfield code="e">dacs</marc:subfield>
            <marc:subfield code="c">NDD</marc:subfield>
        </marc:datafield>
        <marc:datafield tag="049" ind1=" " ind2=" ">
            <marc:subfield code="a">NDH6</marc:subfield>
        </marc:datafield>
        <marc:datafield tag="099" ind1=" " ind2=" ">
            <marc:subfield code="a">11h-i</marc:subfield>
        </marc:datafield>
        <marc:datafield tag="110" ind1="2" ind2=" ">
            <marc:subfield code="a">Duke University.</marc:subfield>
            <marc:subfield code="b">Executive Vice-President and University Counsel.</marc:subfield>
        </marc:datafield>
        <marc:datafield tag="245" ind1="1" ind2="0">
            <marc:subfield code="a">Executive Vice-President and University Counsel records,</marc:subfield>
            <marc:subfield code="f">1967-1990.</marc:subfield>
        </marc:datafield>
        <marc:datafield tag="247" ind1="1" ind2="0">
            <marc:subfield code="a">Senior Vice President for Administration and University Counsel.</marc:subfield>
        </marc:datafield>
        <marc:datafield tag="300" ind1=" " ind2=" ">
            <marc:subfield code="a">20,000</marc:subfield>
            <marc:subfield code="f">items (30.0 linear ft.)</marc:subfield>
        </marc:datafield>
        <marc:datafield tag="500" ind1=" " ind2=" ">
            <marc:subfield code="a">TEMPORARY RECORD.</marc:subfield>
        </marc:datafield>
        <marc:datafield tag="500" ind1=" " ind2=" ">
            <marc:subfield code="a">Unprocessed collection. Cataloged from accession records.</marc:subfield>
        </marc:datafield>
        <marc:datafield tag="506" ind1=" " ind2=" ">
            <marc:subfield code="a">Closed pending processing.</marc:subfield>
        </marc:datafield>
        <marc:datafield tag="520" ind1="8" ind2=" ">
            <marc:subfield code="a">Collection contains correspondence, reports, legal, and financial documents. A large portion of the collection contains the files from the office of Eugene McDonald. These comprise records of both the office of Executive Vice President and University Counsel, and since administrative changes, the office of the Executive Vice-President. Topics throughout the collection include athletics, faculty/academic matters, personnel, legislation, insurance, the Patent Office, and other matters. Materials date from 1967-1990.</marc:subfield>
        </marc:datafield>
        <marc:datafield tag="541" ind1=" " ind2=" ">
            <marc:subfield code="a">.</marc:subfield>
            <marc:subfield code="c">Transfer;</marc:subfield>
            <marc:subfield code="d">1989-1990.</marc:subfield>
        </marc:datafield>
        <marc:datafield tag="555" ind1="8" ind2=" ">
            <marc:subfield code="a">Inventory in repository.</marc:subfield>
        </marc:datafield>
        <marc:datafield tag="590" ind1=" " ind2=" ">
            <marc:subfield code="a">*sab 20070309</marc:subfield>
        </marc:datafield>
    </marc:record>