
    <marc:record>
        <marc:leader>01347npcaa2200229Ia 4500</marc:leader>
        <marc:controlfield tag="001">003837167</marc:controlfield>
        <marc:controlfield tag="005">20070222103624.0</marc:controlfield>
        <marc:controlfield tag="008">030617i19601984ncu                 eng d</marc:controlfield>
        <marc:datafield tag="040" ind1=" " ind2=" ">
            <marc:subfield code="a">NDD</marc:subfield>
            <marc:subfield code="e">dacs</marc:subfield>
            <marc:subfield code="c">NDD</marc:subfield>
        </marc:datafield>
        <marc:datafield tag="049" ind1=" " ind2=" ">
            <marc:subfield code="a">NDH6</marc:subfield>
        </marc:datafield>
        <marc:datafield tag="099" ind1=" " ind2=" ">
            <marc:subfield code="a">12t</marc:subfield>
        </marc:datafield>
        <marc:datafield tag="110" ind1="2" ind2=" ">
            <marc:subfield code="a">Duke University.</marc:subfield>
            <marc:subfield code="b">Physical Plant Dept.</marc:subfield>
        </marc:datafield>
        <marc:datafield tag="245" ind1="1" ind2="0">
            <marc:subfield code="a">Physical Plant Department records,</marc:subfield>
            <marc:subfield code="f">1960-1984.</marc:subfield>
        </marc:datafield>
        <marc:datafield tag="300" ind1=" " ind2=" ">
            <marc:subfield code="a">2,250</marc:subfield>
            <marc:subfield code="f">items (2.5 linear ft.)</marc:subfield>
        </marc:datafield>
        <marc:datafield tag="500" ind1=" " ind2=" ">
            <marc:subfield code="a">TEMPORARY RECORD.</marc:subfield>
        </marc:datafield>
        <marc:datafield tag="500" ind1=" " ind2=" ">
            <marc:subfield code="a">Unprocessed collection. Cataloged from accession records.</marc:subfield>
        </marc:datafield>
        <marc:datafield tag="506" ind1=" " ind2=" ">
            <marc:subfield code="a">Closed pending processing.</marc:subfield>
        </marc:datafield>
        <marc:datafield tag="545" ind1=" " ind2=" ">
            <marc:subfield code="a">The Physical Plant Department was created between 1970/1971 and 1971/1972. It supplanted the Plant Engineering Department, which had replaced the Operations and Maintenance Department in the 1960s. The Physical Plant Department itself was supplanted Oct. 1987 by the Facilities Planning and Physical Plant Department.</marc:subfield>
        </marc:datafield>
        <marc:datafield tag="520" ind1="8" ind2=" ">
            <marc:subfield code="a">Collection contains bus schedules, plans, memoranda, newsletters. reports, inventories, appraisals and other materials concerning University buildings, property, and facilities. Subjects include the oceanographic research vessel &quot;Eastward,&quot; energy conservation efforts, repairs and rennovations to facilities, the heating plant, and the Duke Quarry.</marc:subfield>
        </marc:datafield>
        <marc:datafield tag="541" ind1=" " ind2=" ">
            <marc:subfield code="a">.</marc:subfield>
            <marc:subfield code="c">Transfer;</marc:subfield>
            <marc:subfield code="d">1975; 1979; 1986-1986; 1999.</marc:subfield>
        </marc:datafield>
        <marc:datafield tag="555" ind1="8" ind2=" ">
            <marc:subfield code="a">Inventory in repository.</marc:subfield>
        </marc:datafield>
        <marc:datafield tag="590" ind1=" " ind2=" ">
            <marc:subfield code="a">*sab 20070222</marc:subfield>
        </marc:datafield>
    </marc:record>