
    <marc:record>
        <marc:leader>01498npcaa2200229Ia 4500</marc:leader>
        <marc:controlfield tag="001">003842263</marc:controlfield>
        <marc:controlfield tag="005">20101217142106.0</marc:controlfield>
        <marc:controlfield tag="008">030617i19792000ncu                 eng d</marc:controlfield>
        <marc:datafield tag="040" ind1=" " ind2=" ">
            <marc:subfield code="a">NDD</marc:subfield>
            <marc:subfield code="e">dacs</marc:subfield>
            <marc:subfield code="c">NDD</marc:subfield>
        </marc:datafield>
        <marc:datafield tag="049" ind1=" " ind2=" ">
            <marc:subfield code="a">NDH6</marc:subfield>
        </marc:datafield>
        <marc:datafield tag="099" ind1=" " ind2=" ">
            <marc:subfield code="a">11g</marc:subfield>
        </marc:datafield>
        <marc:datafield tag="110" ind1="2" ind2=" ">
            <marc:subfield code="a">Duke University.</marc:subfield>
            <marc:subfield code="b">Office of Information Technology.</marc:subfield>
        </marc:datafield>
        <marc:datafield tag="245" ind1="1" ind2="0">
            <marc:subfield code="a">Office of Information Technology records,</marc:subfield>
            <marc:subfield code="f">1979-2000.</marc:subfield>
        </marc:datafield>
        <marc:datafield tag="300" ind1=" " ind2=" ">
            <marc:subfield code="a">1,000</marc:subfield>
            <marc:subfield code="f">items (1.5 linear ft.)</marc:subfield>
        </marc:datafield>
        <marc:datafield tag="500" ind1=" " ind2=" ">
            <marc:subfield code="a">TEMPORARY RECORD.</marc:subfield>
        </marc:datafield>
        <marc:datafield tag="500" ind1=" " ind2=" ">
            <marc:subfield code="a">Unprocessed collection. Cataloged from accession records.</marc:subfield>
        </marc:datafield>
        <marc:datafield tag="506" ind1=" " ind2=" ">
            <marc:subfield code="a">Closed pending processing.</marc:subfield>
        </marc:datafield>
        <marc:datafield tag="545" ind1=" " ind2=" ">
            <marc:subfield code="a">The Office of Information Technology incorporates formerly separate campus computing units: Business and Finance Data Processing, Computer ASSIST Center, Computation Center, Management Information Services, Network Communications, and Telecommunications (Tel-com). The Vice Provost for Information Technology is the University's chief information officer, providing leadership, coordination, and strategic planning for both academic and administrative computing and information technology. The office and the position were created in 1994.</marc:subfield>
        </marc:datafield>
        <marc:datafield tag="520" ind1="8" ind2=" ">
            <marc:subfield code="a">Collection contains the office's first annual report, reprints of the publications The Glove Box News, Data Dump, and the Data Channel. It also includes a faculty guide to newsgroups, mailing lists, memoranda, notices, and forms relating to computing and communications at the University.</marc:subfield>
        </marc:datafield>
        <marc:datafield tag="541" ind1=" " ind2=" ">
            <marc:subfield code="a">.</marc:subfield>
            <marc:subfield code="c">Transfer;</marc:subfield>
        </marc:datafield>
        <marc:datafield tag="555" ind1="8" ind2=" ">
            <marc:subfield code="a">Inventory in repository.</marc:subfield>
        </marc:datafield>
        <marc:datafield tag="590" ind1=" " ind2=" ">
            <marc:subfield code="a">*sab 20070308</marc:subfield>
        </marc:datafield>
    </marc:record>