
    <marc:record>
        <marc:leader>01879npcaa2200229Ia 4500</marc:leader>
        <marc:controlfield tag="001">003842187</marc:controlfield>
        <marc:controlfield tag="005">20080917220340.0</marc:controlfield>
        <marc:controlfield tag="008">030617i19771982ncu                 eng d</marc:controlfield>
        <marc:datafield tag="040" ind1=" " ind2=" ">
            <marc:subfield code="a">NDD</marc:subfield>
            <marc:subfield code="e">dacs</marc:subfield>
            <marc:subfield code="c">NDD</marc:subfield>
        </marc:datafield>
        <marc:datafield tag="049" ind1=" " ind2=" ">
            <marc:subfield code="a">NDH6</marc:subfield>
        </marc:datafield>
        <marc:datafield tag="099" ind1=" " ind2=" ">
            <marc:subfield code="a">11g</marc:subfield>
        </marc:datafield>
        <marc:datafield tag="110" ind1="2" ind2=" ">
            <marc:subfield code="a">Duke University.</marc:subfield>
            <marc:subfield code="b">Vice-Chancellor for Data Processing.</marc:subfield>
        </marc:datafield>
        <marc:datafield tag="245" ind1="1" ind2="0">
            <marc:subfield code="a">Vice-Chancellor for Data Processing records,</marc:subfield>
            <marc:subfield code="f">[1977]-[1982].</marc:subfield>
        </marc:datafield>
        <marc:datafield tag="300" ind1=" " ind2=" ">
            <marc:subfield code="a">1,000</marc:subfield>
            <marc:subfield code="f">items (1.5 linear ft.)</marc:subfield>
        </marc:datafield>
        <marc:datafield tag="500" ind1=" " ind2=" ">
            <marc:subfield code="a">TEMPORARY RECORD.</marc:subfield>
        </marc:datafield>
        <marc:datafield tag="500" ind1=" " ind2=" ">
            <marc:subfield code="a">Unprocessed collection. Cataloged from accession records.</marc:subfield>
        </marc:datafield>
        <marc:datafield tag="506" ind1=" " ind2=" ">
            <marc:subfield code="a">Closed pending processing.</marc:subfield>
        </marc:datafield>
        <marc:datafield tag="545" ind1=" " ind2=" ">
            <marc:subfield code="a">The bulk of this collection concerns the Administrative Systems Planning Study that was coordinated by Mel Ray, the Vice-Chancellor for Data Processing. The project was a major effort to establish a system for addressing the near and long-term administrative information needs of the University. Its goals were to study Duke's administrative processes with a view toward identifying how automated information systems might best support administrative operations. The method used was similar to business systems analysis, and involved interviews with key administrators regarding their information needs, and studies of the functioning of existing manual and automated systems.</marc:subfield>
        </marc:datafield>
        <marc:datafield tag="520" ind1="8" ind2=" ">
            <marc:subfield code="a">Collection contains reports, correspondence, memoranda, studies and other records, the bulk of which concern the Administrative System Planning project, 1978. Project records include the final report, “Duke University Administrative Systems Planning Study…” (33p., 15 November 1978) and drafts, along with agenda, studies, minutes, notes, and reports on interviews with administrators, including Terry Sanford, Ken Pye, Eugene McDonald, W.G. Anlyan, Ewald Busse, Paul Carrington, Thomas Dixon and others.</marc:subfield>
        </marc:datafield>
        <marc:datafield tag="541" ind1=" " ind2=" ">
            <marc:subfield code="a">.</marc:subfield>
            <marc:subfield code="c">Transfer;</marc:subfield>
            <marc:subfield code="d">1979-1981.</marc:subfield>
        </marc:datafield>
        <marc:datafield tag="555" ind1="8" ind2=" ">
            <marc:subfield code="a">Inventory in repository.</marc:subfield>
        </marc:datafield>
        <marc:datafield tag="590" ind1=" " ind2=" ">
            <marc:subfield code="a">*sab 20070308</marc:subfield>
        </marc:datafield>
    </marc:record>