
    <marc:record>
        <marc:leader>01548npcaa2200229Ia 4500</marc:leader>
        <marc:controlfield tag="001">003844244</marc:controlfield>
        <marc:controlfield tag="005">20070316142643.0</marc:controlfield>
        <marc:controlfield tag="008">030617i19901995ncu                 eng d</marc:controlfield>
        <marc:datafield tag="040" ind1=" " ind2=" ">
            <marc:subfield code="a">NDD</marc:subfield>
            <marc:subfield code="e">dacs</marc:subfield>
            <marc:subfield code="c">NDD</marc:subfield>
        </marc:datafield>
        <marc:datafield tag="049" ind1=" " ind2=" ">
            <marc:subfield code="a">NDH6</marc:subfield>
        </marc:datafield>
        <marc:datafield tag="099" ind1=" " ind2=" ">
            <marc:subfield code="a">6f</marc:subfield>
        </marc:datafield>
        <marc:datafield tag="110" ind1="2" ind2=" ">
            <marc:subfield code="a">Duke University.</marc:subfield>
            <marc:subfield code="b">Vice President and Vice Provost.</marc:subfield>
        </marc:datafield>
        <marc:datafield tag="245" ind1="1" ind2="0">
            <marc:subfield code="a">Vice President and Vice Provost records,</marc:subfield>
            <marc:subfield code="f">1990-1995.</marc:subfield>
        </marc:datafield>
        <marc:datafield tag="300" ind1=" " ind2=" ">
            <marc:subfield code="a">3,000</marc:subfield>
            <marc:subfield code="f">items (4.5 linear ft.)</marc:subfield>
        </marc:datafield>
        <marc:datafield tag="500" ind1=" " ind2=" ">
            <marc:subfield code="a">TEMPORARY RECORD.</marc:subfield>
        </marc:datafield>
        <marc:datafield tag="500" ind1=" " ind2=" ">
            <marc:subfield code="a">Unprocessed collection. Cataloged from accession records.</marc:subfield>
        </marc:datafield>
        <marc:datafield tag="506" ind1=" " ind2=" ">
            <marc:subfield code="a">Access restricted - Administration restriction.</marc:subfield>
        </marc:datafield>
        <marc:datafield tag="545" ind1=" " ind2=" ">
            <marc:subfield code="a">The Board of Trustees approved creation of this position in May, 1990 following recommendations of President Brodie's Committee on Discrimination in the Classroom. The office was to focus on minority affairs and interests, including the recruitment of minority faculty, the black studies curriculum, and relationship between Duke and the Durham public schools. The officer reported to the President of the University. Dr. Leonard C. Deckum held the office from1990 to August 1995. The position was supplanted in 1995by the Vice President for Institutional Equity.</marc:subfield>
        </marc:datafield>
        <marc:datafield tag="520" ind1="8" ind2=" ">
            <marc:subfield code="a">Correspondence, memoranda, minutes, reports, applications, vitae, grant proposals and other records concerning race relations at Duke and in Durham, Durham and Orange County public schools, the African-American Studies curriculum, poverty, and related social matters; bulk dates 1990-1995.</marc:subfield>
        </marc:datafield>
        <marc:datafield tag="541" ind1=" " ind2=" ">
            <marc:subfield code="a">.</marc:subfield>
            <marc:subfield code="c">Transfer;</marc:subfield>
            <marc:subfield code="d">2001.</marc:subfield>
        </marc:datafield>
        <marc:datafield tag="555" ind1="8" ind2=" ">
            <marc:subfield code="a">Inventory in repository.</marc:subfield>
        </marc:datafield>
        <marc:datafield tag="590" ind1=" " ind2=" ">
            <marc:subfield code="a">*sab 20070316</marc:subfield>
        </marc:datafield>
    </marc:record>