
    <marc:record>
        <marc:leader>00990npcaa2200193Ia 4500</marc:leader>
        <marc:controlfield tag="001">003843463</marc:controlfield>
        <marc:controlfield tag="005">20070313115336.0</marc:controlfield>
        <marc:controlfield tag="008">030617i19162000ncu                 eng d</marc:controlfield>
        <marc:datafield tag="040" ind1=" " ind2=" ">
            <marc:subfield code="a">NDD</marc:subfield>
            <marc:subfield code="e">dacs</marc:subfield>
            <marc:subfield code="c">NDD</marc:subfield>
        </marc:datafield>
        <marc:datafield tag="049" ind1=" " ind2=" ">
            <marc:subfield code="a">NDH6</marc:subfield>
        </marc:datafield>
        <marc:datafield tag="099" ind1=" " ind2=" ">
            <marc:subfield code="a">Sections 16-17</marc:subfield>
        </marc:datafield>
        <marc:datafield tag="110" ind1="2" ind2=" ">
            <marc:subfield code="a">Duke University.</marc:subfield>
            <marc:subfield code="b">Dept. of Athletics.</marc:subfield>
        </marc:datafield>
        <marc:datafield tag="245" ind1="1" ind2="0">
            <marc:subfield code="a">Dept. of Athletics records,</marc:subfield>
            <marc:subfield code="f">1916-2000.</marc:subfield>
        </marc:datafield>
        <marc:datafield tag="300" ind1=" " ind2=" ">
            <marc:subfield code="a">100</marc:subfield>
            <marc:subfield code="f">items (3.6 linear ft.)</marc:subfield>
        </marc:datafield>
        <marc:datafield tag="500" ind1=" " ind2=" ">
            <marc:subfield code="a">TEMPORARY RECORD.</marc:subfield>
        </marc:datafield>
        <marc:datafield tag="520" ind1="8" ind2=" ">
            <marc:subfield code="a">Collection consists of oversize materials from the Dept. of Athletics including a team photo from 1938 Rose Bowl, poster depicting Brown University Rose Bowl team of 1916, Helms Athletic Foundation Awards, 1955 game panorama photo, misc. yearbook from the Basketball Office, calendars. Duke-Temple game photograpg, 1951, Coach Krzyzewski Poster, 2000. Coach and Athlete, and various awards. Materials date from 1916-2000. Acession numbers present: A2002-1; A2002-4.</marc:subfield>
        </marc:datafield>
        <marc:datafield tag="541" ind1=" " ind2=" ">
            <marc:subfield code="a">.</marc:subfield>
            <marc:subfield code="c">Transfer;</marc:subfield>
            <marc:subfield code="d">2002.</marc:subfield>
        </marc:datafield>
        <marc:datafield tag="555" ind1="8" ind2=" ">
            <marc:subfield code="a">Inventory in repository.</marc:subfield>
        </marc:datafield>
        <marc:datafield tag="590" ind1=" " ind2=" ">
            <marc:subfield code="a">*sab 20070313</marc:subfield>
        </marc:datafield>
    </marc:record>