
    <marc:record>
        <marc:leader>00735cpc a2200181Ia 4500</marc:leader>
        <marc:controlfield tag="001">003082073</marc:controlfield>
        <marc:controlfield tag="005">20140804143634.0</marc:controlfield>
        <marc:controlfield tag="008">020619i19341994ncu                 eng d</marc:controlfield>
        <marc:datafield tag="040" ind1=" " ind2=" ">
            <marc:subfield code="a">NDD</marc:subfield>
            <marc:subfield code="e">appm</marc:subfield>
            <marc:subfield code="c">NDD</marc:subfield>
        </marc:datafield>
        <marc:datafield tag="049" ind1=" " ind2=" ">
            <marc:subfield code="a">NDDA</marc:subfield>
            <marc:subfield code="d">[1-=Boxes]</marc:subfield>
            <marc:subfield code="v">1-110</marc:subfield>
        </marc:datafield>
        <marc:datafield tag="099" ind1=" " ind2=" ">
            <marc:subfield code="a">Lib. Serv. Ctr.</marc:subfield>
        </marc:datafield>
        <marc:datafield tag="110" ind1="2" ind2=" ">
            <marc:subfield code="a">Duke University.</marc:subfield>
            <marc:subfield code="b">Dept. of Athletics.</marc:subfield>
        </marc:datafield>
        <marc:datafield tag="245" ind1="1" ind2="0">
            <marc:subfield code="a">Football game film collection,</marc:subfield>
            <marc:subfield code="f">1934-1994.</marc:subfield>
        </marc:datafield>
        <marc:datafield tag="300" ind1=" " ind2=" ">
            <marc:subfield code="a">3,604</marc:subfield>
            <marc:subfield code="f">items (136 Boxes)</marc:subfield>
        </marc:datafield>
        <marc:datafield tag="500" ind1=" " ind2=" ">
            <marc:subfield code="a">TEMPORARY RECORD.</marc:subfield>
        </marc:datafield>
        <marc:datafield tag="500" ind1=" " ind2=" ">
            <marc:subfield code="a">Stored offsite. May require 24 hours for retrieval.</marc:subfield>
        </marc:datafield>
        <marc:datafield tag="506" ind1=" " ind2=" ">
            <marc:subfield code="a">Access restricted. Original audiovisual recordings are closed to use; access copies are available. Closed pending processing. Please contact a Research Services archivist before coming to use this collection.</marc:subfield>
        </marc:datafield>
        <marc:datafield tag="590" ind1=" " ind2=" ">
            <marc:subfield code="a">*tdp</marc:subfield>
        </marc:datafield>
    </marc:record>