
    <marc:record>
        <marc:leader>01157npcaa2200205Ia 4500</marc:leader>
        <marc:controlfield tag="001">003844199</marc:controlfield>
        <marc:controlfield tag="005">20070316115825.0</marc:controlfield>
        <marc:controlfield tag="008">030617i19601995ncu                 eng d</marc:controlfield>
        <marc:datafield tag="040" ind1=" " ind2=" ">
            <marc:subfield code="a">NDD</marc:subfield>
            <marc:subfield code="e">dacs</marc:subfield>
            <marc:subfield code="c">NDD</marc:subfield>
        </marc:datafield>
        <marc:datafield tag="049" ind1=" " ind2=" ">
            <marc:subfield code="a">NDH6</marc:subfield>
        </marc:datafield>
        <marc:datafield tag="099" ind1=" " ind2=" ">
            <marc:subfield code="a">section 12</marc:subfield>
        </marc:datafield>
        <marc:datafield tag="100" ind1="1" ind2=" ">
            <marc:subfield code="a">Havens, Richard G.</marc:subfield>
        </marc:datafield>
        <marc:datafield tag="245" ind1="1" ind2="0">
            <marc:subfield code="a">Cotton Bowl Collection,</marc:subfield>
            <marc:subfield code="f">1960-1995.</marc:subfield>
        </marc:datafield>
        <marc:datafield tag="300" ind1=" " ind2=" ">
            <marc:subfield code="a">20</marc:subfield>
            <marc:subfield code="f">items (1.7 linear ft.)</marc:subfield>
        </marc:datafield>
        <marc:datafield tag="500" ind1=" " ind2=" ">
            <marc:subfield code="a">TEMPORARY RECORD.</marc:subfield>
        </marc:datafield>
        <marc:datafield tag="545" ind1=" " ind2=" ">
            <marc:subfield code="a">The 1960 Duke Football team went 7-3 during the regular season and defeated the University of Arkansas in the 1961 Cotton Bowl Classic.</marc:subfield>
        </marc:datafield>
        <marc:datafield tag="520" ind1="8" ind2=" ">
            <marc:subfield code="a">Including scrapbooks containing xerox copies of pictures, clippings, and other materials dating from 1960 to 1995. The scrapbooks document the 1960 Duke football season, including the Cotton Bowl. One scrapbook contains letters from President Nan Keohane and Coach Fred Goldsmith to the 1960 football team. The letters were written for the team's thirty-five year reunion held on October 6 and 7, 1995. Also includes notes on reminiscences by the team members and others who were at the thirty-five year reunion.</marc:subfield>
        </marc:datafield>
        <marc:datafield tag="541" ind1=" " ind2=" ">
            <marc:subfield code="a">.</marc:subfield>
            <marc:subfield code="c">Gift;</marc:subfield>
            <marc:subfield code="d">1995.</marc:subfield>
        </marc:datafield>
        <marc:datafield tag="555" ind1="8" ind2=" ">
            <marc:subfield code="a">Inventory in repository.</marc:subfield>
        </marc:datafield>
        <marc:datafield tag="590" ind1=" " ind2=" ">
            <marc:subfield code="a">*sab 20070316</marc:subfield>
        </marc:datafield>
    </marc:record>