
    <marc:record>
        <marc:leader>01469npcaa2200217Ia 4500</marc:leader>
        <marc:controlfield tag="001">003832159</marc:controlfield>
        <marc:controlfield tag="005">20070207111347.0</marc:controlfield>
        <marc:controlfield tag="008">030617i19671971ncu                 eng d</marc:controlfield>
        <marc:datafield tag="040" ind1=" " ind2=" ">
            <marc:subfield code="a">NDD</marc:subfield>
            <marc:subfield code="e">dacs</marc:subfield>
            <marc:subfield code="c">NDD</marc:subfield>
        </marc:datafield>
        <marc:datafield tag="049" ind1=" " ind2=" ">
            <marc:subfield code="a">NDH6</marc:subfield>
        </marc:datafield>
        <marc:datafield tag="099" ind1=" " ind2=" ">
            <marc:subfield code="a">12k</marc:subfield>
        </marc:datafield>
        <marc:datafield tag="110" ind1="2" ind2=" ">
            <marc:subfield code="a">Duke University.</marc:subfield>
            <marc:subfield code="b">Office of Regional Programs.</marc:subfield>
        </marc:datafield>
        <marc:datafield tag="245" ind1="1" ind2="0">
            <marc:subfield code="a">Office of Regional Programs records,</marc:subfield>
            <marc:subfield code="f">1967-1971.</marc:subfield>
        </marc:datafield>
        <marc:datafield tag="300" ind1=" " ind2=" ">
            <marc:subfield code="a">1000</marc:subfield>
            <marc:subfield code="f">items (1.0 linear ft.)</marc:subfield>
        </marc:datafield>
        <marc:datafield tag="500" ind1=" " ind2=" ">
            <marc:subfield code="a">TEMPORARY RECORD.</marc:subfield>
        </marc:datafield>
        <marc:datafield tag="500" ind1=" " ind2=" ">
            <marc:subfield code="a">Unprocessed collection. Cataloged from accession records.</marc:subfield>
        </marc:datafield>
        <marc:datafield tag="545" ind1=" " ind2=" ">
            <marc:subfield code="a">The Officeof Regional Programs was established early in 1967 in keeping with the University's commitment to the region made in the mission statement of the Fifth Decade Program. The Office coordinated interdisciplinary programs in the areas of education and community affairs. It also was to foster the special contributions Duke could maker to research on education and to the educational institutions in the region. Personnel included Everett H. Hopkins, Vice President for Regional Programs and Vice Provost and Professor Education and Robert M. Colver, his assistant.</marc:subfield>
        </marc:datafield>
        <marc:datafield tag="520" ind1="8" ind2=" ">
            <marc:subfield code="a">Correspondence, agendas, vitas, bibliographies and other records concerning arrangements for conferences and seminars that were coordinated by the Office; some of the files include copies of papers presented and financial records. The material ranges in date from 1967-1971.</marc:subfield>
        </marc:datafield>
        <marc:datafield tag="541" ind1=" " ind2=" ">
            <marc:subfield code="a">.</marc:subfield>
            <marc:subfield code="c">Transfer;</marc:subfield>
            <marc:subfield code="d">1976.</marc:subfield>
        </marc:datafield>
        <marc:datafield tag="555" ind1="8" ind2=" ">
            <marc:subfield code="a">Inventory in repository.</marc:subfield>
        </marc:datafield>
        <marc:datafield tag="590" ind1=" " ind2=" ">
            <marc:subfield code="a">*kds 20070207</marc:subfield>
        </marc:datafield>
    </marc:record>