
    <marc:record>
        <marc:leader>00985npm a22001455a 4500</marc:leader>
        <marc:controlfield tag="001">004185240</marc:controlfield>
        <marc:controlfield tag="005">20120912153121.0</marc:controlfield>
        <marc:controlfield tag="008">090701i19902008ncu|||||||||||||| ||eng|d</marc:controlfield>
        <marc:datafield tag="110" ind1="2" ind2=" ">
            <marc:subfield code="a">Duke University.</marc:subfield>
            <marc:subfield code="b">Chapel.</marc:subfield>
            <marc:subfield code="b">Religious Life.</marc:subfield>
        </marc:datafield>
        <marc:datafield tag="245" ind1="1" ind2="0">
            <marc:subfield code="a">Religious Life records,</marc:subfield>
            <marc:subfield code="f">1990s-2008.</marc:subfield>
        </marc:datafield>
        <marc:datafield tag="300" ind1=" " ind2=" ">
            <marc:subfield code="a">5500</marc:subfield>
            <marc:subfield code="f">items (5 boxes)</marc:subfield>
        </marc:datafield>
        <marc:datafield tag="500" ind1=" " ind2=" ">
            <marc:subfield code="a">TEMPORARY RECORD</marc:subfield>
        </marc:datafield>
        <marc:datafield tag="506" ind1=" " ind2=" ">
            <marc:subfield code="a">Access restricted.</marc:subfield>
        </marc:datafield>
        <marc:datafield tag="520" ind1="8" ind2=" ">
            <marc:subfield code="a">Accession includes files on program and events, funds and endowments, administration, meeting minutes, retreat materials, student participation and interest, and other materials. Folder list is in the CCF.</marc:subfield>
        </marc:datafield>
        <marc:datafield tag="545" ind1=" " ind2=" ">
            <marc:subfield code="a">Duke University currently has more than 25 religious life groups on campus representing Protestant, Orthodox, Catholic, non-denominational, Buddhist, Jewish, Muslim, and Hindu faiths. Religious Life is made up of the deans of the Chapel, along with over 35 campus ministers, chaplains, and professional staff, who provide leadership to more than 1,500 students involved in religious life on campus.</marc:subfield>
        </marc:datafield>
    </marc:record>