
    <marc:record>
        <marc:leader>00591cpc a2200169Ia 4500</marc:leader>
        <marc:controlfield tag="001">003141316</marc:controlfield>
        <marc:controlfield tag="005">20040712212500.0</marc:controlfield>
        <marc:controlfield tag="008">030205i19951996ncu                 eng d</marc:controlfield>
        <marc:datafield tag="040" ind1=" " ind2=" ">
            <marc:subfield code="a">NDD</marc:subfield>
            <marc:subfield code="e">appm</marc:subfield>
            <marc:subfield code="c">NDD</marc:subfield>
        </marc:datafield>
        <marc:datafield tag="049" ind1=" " ind2=" ">
            <marc:subfield code="a">NDDA</marc:subfield>
            <marc:subfield code="d">[1-=Boxes]</marc:subfield>
            <marc:subfield code="v">1-4</marc:subfield>
        </marc:datafield>
        <marc:datafield tag="099" ind1=" " ind2=" ">
            <marc:subfield code="a">Lib. Serv. Ctr.</marc:subfield>
        </marc:datafield>
        <marc:datafield tag="110" ind1="2" ind2=" ">
            <marc:subfield code="a">Nicholas School of the Environment (Duke University).</marc:subfield>
            <marc:subfield code="b">Enrollment Services.</marc:subfield>
        </marc:datafield>
        <marc:datafield tag="245" ind1="1" ind2="0">
            <marc:subfield code="a">Nicholas School of the Environment, Enrollment Services records,</marc:subfield>
            <marc:subfield code="f">1995-1996.</marc:subfield>
        </marc:datafield>
        <marc:datafield tag="300" ind1=" " ind2=" ">
            <marc:subfield code="a">5,000</marc:subfield>
            <marc:subfield code="f">items (4 Boxes)</marc:subfield>
        </marc:datafield>
        <marc:datafield tag="500" ind1=" " ind2=" ">
            <marc:subfield code="a">TEMPORARY RECORD.</marc:subfield>
        </marc:datafield>
        <marc:datafield tag="500" ind1=" " ind2=" ">
            <marc:subfield code="a">Stored offsite. May require 24 hours for retrieval.</marc:subfield>
        </marc:datafield>
        <marc:datafield tag="506" ind1=" " ind2=" ">
            <marc:subfield code="a">Access restricted.</marc:subfield>
        </marc:datafield>
        <marc:datafield tag="590" ind1=" " ind2=" ">
            <marc:subfield code="a">*ejg</marc:subfield>
        </marc:datafield>
    </marc:record>