
    <marc:record>
        <marc:leader>01045npm a22001455a 4500</marc:leader>
        <marc:controlfield tag="001">003810518</marc:controlfield>
        <marc:controlfield tag="005">20120911152849.0</marc:controlfield>
        <marc:controlfield tag="008">061129i20002005ncu|||||||||||||| ||eng|d</marc:controlfield>
        <marc:datafield tag="110" ind1="2" ind2=" ">
            <marc:subfield code="a">Duke University. Center for Environmental Solutions.</marc:subfield>
        </marc:datafield>
        <marc:datafield tag="245" ind1="1" ind2="0">
            <marc:subfield code="a">Center for Environmental Solutions records,</marc:subfield>
            <marc:subfield code="f">2000-2005</marc:subfield>
        </marc:datafield>
        <marc:datafield tag="300" ind1=" " ind2=" ">
            <marc:subfield code="a">2000</marc:subfield>
            <marc:subfield code="f">items (2 boxes)</marc:subfield>
        </marc:datafield>
        <marc:datafield tag="506" ind1=" " ind2=" ">
            <marc:subfield code="a">Access restricted: admin records, personnel records</marc:subfield>
        </marc:datafield>
        <marc:datafield tag="520" ind1="8" ind2=" ">
            <marc:subfield code="a">Boxes contain correspondence, by-laws, mission statement, newsletters, grant information, meeting minutes, publicity materials, personnel records, VHS tapes, one diskette, and several CDs. The Center's website has been saved to the University Archives SNAP server. There are 343 files, 27.9 MB.</marc:subfield>
        </marc:datafield>
        <marc:datafield tag="545" ind1=" " ind2=" ">
            <marc:subfield code="a">The Center for Environmental Solutions was a University-wide initiative seeking creative solutions to complex environmental challenges through multidisciplinary research and analysis. In 2005, the Center's mission expanded into the launch of the Nicholas Institute for Environmental Policy Solutions (NIEPS).</marc:subfield>
        </marc:datafield>
        <marc:datafield tag="500" ind1=" " ind2=" ">
            <marc:subfield code="a">TEMPORARY RECORD</marc:subfield>
        </marc:datafield>
    </marc:record>