
    <marc:record>
        <marc:leader>00892npm a22001335a 4500</marc:leader>
        <marc:controlfield tag="001">003941345</marc:controlfield>
        <marc:controlfield tag="005">20120912145557.0</marc:controlfield>
        <marc:controlfield tag="008">080221i19451973ncu|||||||||||||| ||eng|d</marc:controlfield>
        <marc:datafield tag="110" ind1="2" ind2=" ">
            <marc:subfield code="a">Duke University.</marc:subfield>
            <marc:subfield code="b">Divinity School.</marc:subfield>
        </marc:datafield>
        <marc:datafield tag="245" ind1="1" ind2="0">
            <marc:subfield code="a">Worship Committee records,</marc:subfield>
            <marc:subfield code="f">1945-1973.</marc:subfield>
        </marc:datafield>
        <marc:datafield tag="300" ind1=" " ind2=" ">
            <marc:subfield code="a">1,000</marc:subfield>
            <marc:subfield code="f">items (1 box)</marc:subfield>
        </marc:datafield>
        <marc:datafield tag="500" ind1=" " ind2=" ">
            <marc:subfield code="a">TEMPORARY RECORD</marc:subfield>
        </marc:datafield>
        <marc:datafield tag="520" ind1="8" ind2=" ">
            <marc:subfield code="a">Contains minutes, chapel schedules, correspondence, reports, convocations, and other printed administrative materials documenting the activities of the Worship Committee. Materials date from 1945-1973.</marc:subfield>
        </marc:datafield>
        <marc:datafield tag="545" ind1=" " ind2=" ">
            <marc:subfield code="a">Founded in 1926 as the first of the university’s graduate professional schools, the Divinity School attracts students from around the nation and several different countries. The Divinity School's distinctive vocation is to equip students for faithful leadership and critical reflection on the church's role in a dramatically changing global culture.</marc:subfield>
        </marc:datafield>
    </marc:record>