
    <marc:record>
        <marc:leader>00552cpc a2200181Ia 4500</marc:leader>
        <marc:controlfield tag="001">003076833</marc:controlfield>
        <marc:controlfield tag="005">20141121154423.0</marc:controlfield>
        <marc:controlfield tag="008">020531i19992004ncu                 eng d</marc:controlfield>
        <marc:datafield tag="040" ind1=" " ind2=" ">
            <marc:subfield code="a">NDD</marc:subfield>
            <marc:subfield code="e">dacs</marc:subfield>
            <marc:subfield code="c">NDD</marc:subfield>
        </marc:datafield>
        <marc:datafield tag="049" ind1=" " ind2=" ">
            <marc:subfield code="a">NDDA</marc:subfield>
            <marc:subfield code="d">[1-=Items</marc:subfield>
            <marc:subfield code="v">1-12000</marc:subfield>
        </marc:datafield>
        <marc:datafield tag="099" ind1=" " ind2=" ">
            <marc:subfield code="a">Library Service Center</marc:subfield>
        </marc:datafield>
        <marc:datafield tag="110" ind1="2" ind2=" ">
            <marc:subfield code="a">Duke University.</marc:subfield>
            <marc:subfield code="b">Divinity School.</marc:subfield>
        </marc:datafield>
        <marc:datafield tag="245" ind1="1" ind2="0">
            <marc:subfield code="a">Field education student records,</marc:subfield>
            <marc:subfield code="f">1999-2004.</marc:subfield>
        </marc:datafield>
        <marc:datafield tag="300" ind1=" " ind2=" ">
            <marc:subfield code="a">12,000</marc:subfield>
            <marc:subfield code="f">items (12 Boxes)</marc:subfield>
        </marc:datafield>
        <marc:datafield tag="500" ind1=" " ind2=" ">
            <marc:subfield code="a">TEMPORARY RECORD.</marc:subfield>
        </marc:datafield>
        <marc:datafield tag="500" ind1=" " ind2=" ">
            <marc:subfield code="a">Stored offsite. May require 24 hours for retrieval.</marc:subfield>
        </marc:datafield>
        <marc:datafield tag="506" ind1=" " ind2=" ">
            <marc:subfield code="a">Access restricted.</marc:subfield>
        </marc:datafield>
        <marc:datafield tag="590" ind1=" " ind2=" ">
            <marc:subfield code="a">*jak</marc:subfield>
        </marc:datafield>
    </marc:record>