
    <marc:record>
        <marc:leader>00505npm a22001335a 4500</marc:leader>
        <marc:controlfield tag="001">004172867</marc:controlfield>
        <marc:controlfield tag="005">20120912152957.0</marc:controlfield>
        <marc:controlfield tag="008">090522s2009    ncu|||||||||||||| ||eng|d</marc:controlfield>
        <marc:datafield tag="110" ind1="2" ind2=" ">
            <marc:subfield code="a">Duke University.</marc:subfield>
            <marc:subfield code="b">School of Law.</marc:subfield>
        </marc:datafield>
        <marc:datafield tag="245" ind1="1" ind2="0">
            <marc:subfield code="a">Remembering John Hope Franklin,</marc:subfield>
            <marc:subfield code="f">17 April 2009.</marc:subfield>
        </marc:datafield>
        <marc:datafield tag="300" ind1=" " ind2=" ">
            <marc:subfield code="a">2</marc:subfield>
            <marc:subfield code="f">items</marc:subfield>
        </marc:datafield>
        <marc:datafield tag="500" ind1=" " ind2=" ">
            <marc:subfield code="a">TEMPORARY RECORD</marc:subfield>
        </marc:datafield>
        <marc:datafield tag="520" ind1="8" ind2=" ">
            <marc:subfield code="a">DVD produced by the School of Law of a lunchtime event on April 17, 2009 to remember Dr. John Hope Franklin.</marc:subfield>
        </marc:datafield>
        <marc:datafield tag="500" ind1=" " ind2=" ">
            <marc:subfield code="a">There is a master copy of this event and a reference-use copy.</marc:subfield>
        </marc:datafield>
    </marc:record>