
    <marc:record>
        <marc:leader>00695npm a22001455a 4500</marc:leader>
        <marc:controlfield tag="001">003590998</marc:controlfield>
        <marc:controlfield tag="005">20120907131830.0</marc:controlfield>
        <marc:controlfield tag="008">060329i19491956ncu|||||||||||||| ||eng|d</marc:controlfield>
        <marc:datafield tag="110" ind1="2" ind2=" ">
            <marc:subfield code="a">Duke University.</marc:subfield>
            <marc:subfield code="b">School of Engineering.</marc:subfield>
        </marc:datafield>
        <marc:datafield tag="245" ind1="1" ind2="0">
            <marc:subfield code="a">Engineers Wives Club Scrapbook,</marc:subfield>
            <marc:subfield code="f">1949-1956.</marc:subfield>
        </marc:datafield>
        <marc:datafield tag="300" ind1=" " ind2=" ">
            <marc:subfield code="a">1</marc:subfield>
            <marc:subfield code="f">item</marc:subfield>
        </marc:datafield>
        <marc:datafield tag="500" ind1=" " ind2=" ">
            <marc:subfield code="a">TEMPORARY RECORD</marc:subfield>
        </marc:datafield>
        <marc:datafield tag="506" ind1=" " ind2=" ">
            <marc:subfield code="a">Access restricted</marc:subfield>
        </marc:datafield>
        <marc:datafield tag="520" ind1="8" ind2=" ">
            <marc:subfield code="a">Scrapbook consisting largely of photographs which document the activities of the Engineers Wives Club between 1949-1956.</marc:subfield>
        </marc:datafield>
        <marc:datafield tag="545" ind1=" " ind2=" ">
            <marc:subfield code="a">The School of Engineering at Duke University is a teaching and research institution focused on educating and exploring the frontiers of engineering in a bold, personal and cross-disciplinary environment.</marc:subfield>
        </marc:datafield>
    </marc:record>
    <marc:record>
        <marc:leader>00055npcaa2200037Ia 4500</marc:leader>
        <marc:controlfield tag="005">20070126115857.0</marc:controlfield>
    </marc:record>