
    <marc:record>
        <marc:leader>01473npcaa2200241Ia 4500</marc:leader>
        <marc:controlfield tag="001">003828946</marc:controlfield>
        <marc:controlfield tag="005">20130522083323.0</marc:controlfield>
        <marc:controlfield tag="008">030617i1971    ncu                 eng d</marc:controlfield>
        <marc:datafield tag="040" ind1=" " ind2=" ">
            <marc:subfield code="a">NDD</marc:subfield>
            <marc:subfield code="e">dacs</marc:subfield>
            <marc:subfield code="c">NDD</marc:subfield>
        </marc:datafield>
        <marc:datafield tag="049" ind1=" " ind2=" ">
            <marc:subfield code="a">NDH6</marc:subfield>
        </marc:datafield>
        <marc:datafield tag="099" ind1=" " ind2=" ">
            <marc:subfield code="a">13o</marc:subfield>
        </marc:datafield>
        <marc:datafield tag="110" ind1="2" ind2=" ">
            <marc:subfield code="a">Terry Sanford Institute of Public Policy.</marc:subfield>
        </marc:datafield>
        <marc:datafield tag="245" ind1="1" ind2="0">
            <marc:subfield code="a">Terry Sanford Institute of Public Policy records,</marc:subfield>
            <marc:subfield code="f">1971-[on-going]</marc:subfield>
        </marc:datafield>
        <marc:datafield tag="300" ind1=" " ind2=" ">
            <marc:subfield code="a">250</marc:subfield>
            <marc:subfield code="f">items (1.4 linear ft.)</marc:subfield>
        </marc:datafield>
        <marc:datafield tag="500" ind1=" " ind2=" ">
            <marc:subfield code="a">TEMPORARY RECORD.</marc:subfield>
        </marc:datafield>
        <marc:datafield tag="500" ind1=" " ind2=" ">
            <marc:subfield code="a">Closed pending processing.</marc:subfield>
        </marc:datafield>
        <marc:datafield tag="500" ind1=" " ind2=" ">
            <marc:subfield code="a">Unprocessed collection. Cataloged from accession records.</marc:subfield>
        </marc:datafield>
        <marc:datafield tag="506" ind1=" " ind2=" ">
            <marc:subfield code="a">Access restricted.</marc:subfield>
        </marc:datafield>
        <marc:datafield tag="545" ind1=" " ind2=" ">
            <marc:subfield code="a">The Institute of Policy Sciences and Public Affairs was established on July 1, 1971 &quot;to focus the attention of the University on urgent and continuting policy problems in American society.&quot; The Institute provides a framework for student and faculty throughout the University to join together to study issues of public policy in an interdisciplinary manner. Formally renamed the Terry Sanford Institute of Public Policy in 1992, approval to rename the Institute in honor of Terry Sanford was granted several years before.</marc:subfield>
        </marc:datafield>
        <marc:datafield tag="520" ind1="8" ind2=" ">
            <marc:subfield code="a">Collection includes memoranda, minutes, reports, publications, working papers and other materials. Terry Sanford Institute of Public Policy. Also includes student honors papers, a term paper, and documents concerning the undergraduate program.</marc:subfield>
        </marc:datafield>
        <marc:datafield tag="541" ind1=" " ind2=" ">
            <marc:subfield code="a">.</marc:subfield>
            <marc:subfield code="c">Transfer;</marc:subfield>
            <marc:subfield code="d">.</marc:subfield>
        </marc:datafield>
        <marc:datafield tag="555" ind1="8" ind2=" ">
            <marc:subfield code="a">Inventory in repository.</marc:subfield>
        </marc:datafield>
        <marc:datafield tag="590" ind1=" " ind2=" ">
            <marc:subfield code="a">*kds 20070126</marc:subfield>
        </marc:datafield>
    </marc:record>