
    <marc:record>
        <marc:leader>00518npm a22001215a 4500</marc:leader>
        <marc:controlfield tag="001">003513959</marc:controlfield>
        <marc:controlfield tag="005">20120907112620.0</marc:controlfield>
        <marc:controlfield tag="008">060221|????    ???|||||||||||||| ||eng|d</marc:controlfield>
        <marc:datafield tag="110" ind1="2" ind2=" ">
            <marc:subfield code="a">Fuqua School of Business (Duke University)</marc:subfield>
        </marc:datafield>
        <marc:datafield tag="245" ind1="1" ind2="2">
            <marc:subfield code="a">A tribute to Rex Adams, Dean Emeritus, the Fuqua School of Business,</marc:subfield>
            <marc:subfield code="f">undated.</marc:subfield>
        </marc:datafield>
        <marc:datafield tag="300" ind1=" " ind2=" ">
            <marc:subfield code="a">1</marc:subfield>
            <marc:subfield code="f">item (25 pp)</marc:subfield>
        </marc:datafield>
        <marc:datafield tag="500" ind1=" " ind2=" ">
            <marc:subfield code="a">TEMPORARY RECORD</marc:subfield>
        </marc:datafield>
        <marc:datafield tag="520" ind1="8" ind2=" ">
            <marc:subfield code="a">Printed scrapbook album featuring photographs of and clippings about the career of Rex D. Adams, Dean of the Fuqua School of Business from 1996 to 2001.</marc:subfield>
        </marc:datafield>
    </marc:record>