
    <marc:record>
        <marc:leader>00688npm a22001215a 4500</marc:leader>
        <marc:controlfield tag="001">004651092</marc:controlfield>
        <marc:controlfield tag="005">20120912154406.0</marc:controlfield>
        <marc:controlfield tag="008">101117i19732006ncu|||||||||||||| ||eng|d</marc:controlfield>
        <marc:datafield tag="110" ind1="2" ind2=" ">
            <marc:subfield code="a">Fuqua School of Business (Duke University)</marc:subfield>
        </marc:datafield>
        <marc:datafield tag="245" ind1="1" ind2="0">
            <marc:subfield code="a">Development Office records,</marc:subfield>
            <marc:subfield code="f">circa 1973-2006.</marc:subfield>
        </marc:datafield>
        <marc:datafield tag="300" ind1=" " ind2=" ">
            <marc:subfield code="a">approx. 100</marc:subfield>
            <marc:subfield code="f">items (1 box)</marc:subfield>
        </marc:datafield>
        <marc:datafield tag="500" ind1=" " ind2=" ">
            <marc:subfield code="a">TEMPORARY RECORD</marc:subfield>
        </marc:datafield>
        <marc:datafield tag="520" ind1="8" ind2=" ">
            <marc:subfield code="a">Largely clippings and printed material about J.B. Fuqua. Also includes a file on Fuqua's son, J. Rex Fuqua. Of particular note is a DVD which features the memorial service for J.B. Fuqua (Apr 8 2006) and the Oct 2010 issue of THE JOURNAL OF FINANCE which was signed by Douglas T. Breeden. This issue was dedicated to Breeden, former Fuqua dean.</marc:subfield>
        </marc:datafield>
    </marc:record>