
    <marc:record>
        <marc:leader>00699npm a22001335a 4500</marc:leader>
        <marc:controlfield tag="001">003889253</marc:controlfield>
        <marc:controlfield tag="005">20120912140859.0</marc:controlfield>
        <marc:controlfield tag="008">070828i19872006ncu|||||||||||||| ||eng|d</marc:controlfield>
        <marc:datafield tag="110" ind1="2" ind2=" ">
            <marc:subfield code="a">Duke University.</marc:subfield>
            <marc:subfield code="b">Trinity College of Arts and Sciences.</marc:subfield>
        </marc:datafield>
        <marc:datafield tag="245" ind1="1" ind2="0">
            <marc:subfield code="a">Trinity College Academic Deans Office Committee on Courses records,</marc:subfield>
            <marc:subfield code="f">1987-2006.</marc:subfield>
        </marc:datafield>
        <marc:datafield tag="300" ind1=" " ind2=" ">
            <marc:subfield code="a">9,000</marc:subfield>
            <marc:subfield code="f">items (9 boxes)</marc:subfield>
        </marc:datafield>
        <marc:datafield tag="506" ind1=" " ind2=" ">
            <marc:subfield code="a">Access restricted: admin records.</marc:subfield>
        </marc:datafield>
        <marc:datafield tag="520" ind1="8" ind2=" ">
            <marc:subfield code="a">From the office of Associate Dean Ellen W. Wittig - Regular Course Request Forms dated 1987-2006(boxes 1-7) and Special Topics Curriculum Codes Request Forms (boxes 8-9) dated summer 2000-summer 2004. Box lists are in each box and in the collection control file.</marc:subfield>
        </marc:datafield>
        <marc:datafield tag="500" ind1=" " ind2=" ">
            <marc:subfield code="a">TEMPORARY RECORD</marc:subfield>
        </marc:datafield>
    </marc:record>