
    <marc:record>
        <marc:leader>01533npcaa2200229Ia 4500</marc:leader>
        <marc:controlfield tag="001">003811650</marc:controlfield>
        <marc:controlfield tag="005">20140429102436.0</marc:controlfield>
        <marc:controlfield tag="008">030617i19051997ncu                 eng d</marc:controlfield>
        <marc:datafield tag="040" ind1=" " ind2=" ">
            <marc:subfield code="a">NDD</marc:subfield>
            <marc:subfield code="e">dacs</marc:subfield>
            <marc:subfield code="c">NDD</marc:subfield>
        </marc:datafield>
        <marc:datafield tag="049" ind1=" " ind2=" ">
            <marc:subfield code="a">NDH6</marc:subfield>
        </marc:datafield>
        <marc:datafield tag="099" ind1=" " ind2=" ">
            <marc:subfield code="a">Library Service Center</marc:subfield>
        </marc:datafield>
        <marc:datafield tag="110" ind1="2" ind2=" ">
            <marc:subfield code="a">Duke University.</marc:subfield>
            <marc:subfield code="b">Zoology Department.</marc:subfield>
        </marc:datafield>
        <marc:datafield tag="245" ind1="1" ind2="0">
            <marc:subfield code="a">Zoology Dept. records,</marc:subfield>
            <marc:subfield code="f">1905-1997.</marc:subfield>
        </marc:datafield>
        <marc:datafield tag="300" ind1=" " ind2=" ">
            <marc:subfield code="a">25,000</marc:subfield>
            <marc:subfield code="f">items (55.0 linear ft.)</marc:subfield>
        </marc:datafield>
        <marc:datafield tag="500" ind1=" " ind2=" ">
            <marc:subfield code="a">TEMPORARY RECORD.</marc:subfield>
        </marc:datafield>
        <marc:datafield tag="500" ind1=" " ind2=" ">
            <marc:subfield code="a">In off-site storage; 24 hours advance notice may be required for use.</marc:subfield>
        </marc:datafield>
        <marc:datafield tag="506" ind1=" " ind2=" ">
            <marc:subfield code="a">Access restricted. Closed pending processing.</marc:subfield>
        </marc:datafield>
        <marc:datafield tag="545" ind1=" " ind2=" ">
            <marc:subfield code="a">The Zoology program formed one of two subdivisions of the Department of Biology since the 1900s (Botany was the other subdivision). Courses within the program included in entomology, endocrinology, animal behavior, embryology, cytology, ecology and parasitology. In the 1933-34 academic year, Zoology and Botany became separate departments. In 2000, they merged again to form the Department of Biology in order to foster interdisciplinary research.</marc:subfield>
        </marc:datafield>
        <marc:datafield tag="520" ind1="8" ind2=" ">
            <marc:subfield code="a">Collection includes department memoranda, faculty meeting minutes, faculty correspondence, brochures on Zoology conferences, grant proposals, departmental budgets, memoranda from student organizations, news clippings, and census reports. Also includes correspondence, applications and brochures related to the Marine field station and the Alpha Helix (oceanographic research vessel).</marc:subfield>
        </marc:datafield>
        <marc:datafield tag="541" ind1=" " ind2=" ">
            <marc:subfield code="a">.</marc:subfield>
            <marc:subfield code="c">Transfer;</marc:subfield>
            <marc:subfield code="d">1961-1997.</marc:subfield>
        </marc:datafield>
        <marc:datafield tag="555" ind1="8" ind2=" ">
            <marc:subfield code="a">Inventory in repository.</marc:subfield>
        </marc:datafield>
        <marc:datafield tag="590" ind1=" " ind2=" ">
            <marc:subfield code="a">*sab 20061204</marc:subfield>
        </marc:datafield>
    </marc:record>