
    <marc:record>
        <marc:leader>01045npcaa2200217Ia 4500</marc:leader>
        <marc:controlfield tag="001">003834310</marc:controlfield>
        <marc:controlfield tag="005">20131007080753.0</marc:controlfield>
        <marc:controlfield tag="008">130702i19321978ncu                 eng d</marc:controlfield>
        <marc:datafield tag="024" ind1="8" ind2=" ">
            <marc:subfield code="a">uadeptofbotany</marc:subfield>
            <marc:subfield code="d">DUKEPLEAD</marc:subfield>
        </marc:datafield>
        <marc:datafield tag="035" ind1=" " ind2=" ">
            <marc:subfield code="a">851457481</marc:subfield>
        </marc:datafield>
        <marc:datafield tag="040" ind1=" " ind2=" ">
            <marc:subfield code="a">NDD</marc:subfield>
            <marc:subfield code="c">NDD</marc:subfield>
        </marc:datafield>
        <marc:datafield tag="049" ind1=" " ind2=" ">
            <marc:subfield code="a">NDDP</marc:subfield>
        </marc:datafield>
        <marc:datafield tag="110" ind1="2" ind2=" ">
            <marc:subfield code="a">Duke University.</marc:subfield>
            <marc:subfield code="b">Department of Botany.</marc:subfield>
        </marc:datafield>
        <marc:datafield tag="245" ind1="1" ind2="0">
            <marc:subfield code="a">Department of Botany records,</marc:subfield>
            <marc:subfield code="f">1932-1978.</marc:subfield>
        </marc:datafield>
        <marc:datafield tag="300" ind1=" " ind2=" ">
            <marc:subfield code="a">approx. 100</marc:subfield>
            <marc:subfield code="f">items (1.2 linear ft.)</marc:subfield>
        </marc:datafield>
        <marc:datafield tag="520" ind1="8" ind2=" ">
            <marc:subfield code="a">This collection includes two early account books from the time of the department's founding, which contain a record of wages, office supplies, general supplies, repairs, equipment and research grants. Other materials include newspaper clippings concerning the department, promotional materials, and committee self-study and curriculum reports.</marc:subfield>
        </marc:datafield>
        <marc:datafield tag="541" ind1=" " ind2=" ">
            <marc:subfield code="a">.</marc:subfield>
            <marc:subfield code="c">Transfer,</marc:subfield>
            <marc:subfield code="d">1979.</marc:subfield>
        </marc:datafield>
        <marc:datafield tag="590" ind1=" " ind2=" ">
            <marc:subfield code="a">*kds 20070213</marc:subfield>
        </marc:datafield>
        <marc:datafield tag="610" ind1="2" ind2="0">
            <marc:subfield code="a">Duke University.</marc:subfield>
            <marc:subfield code="b">Department of Botany.</marc:subfield>
        </marc:datafield>
        <marc:datafield tag="610" ind1="2" ind2="0">
            <marc:subfield code="a">Duke University</marc:subfield>
            <marc:subfield code="x">History</marc:subfield>
            <marc:subfield code="y">20th century.</marc:subfield>
        </marc:datafield>
        <marc:datafield tag="856" ind1="4" ind2="2">
            <marc:subfield code="y">Collection guide</marc:subfield>
            <marc:subfield code="u">http://library.duke.edu/rubenstein/findingaids/uadeptofbotany/</marc:subfield>
        </marc:datafield>
    </marc:record>