
    <marc:record>
        <marc:leader>01375npcaa2200217Ia 4500</marc:leader>
        <marc:controlfield tag="001">003811512</marc:controlfield>
        <marc:controlfield tag="005">20080917214417.0</marc:controlfield>
        <marc:controlfield tag="008">030617i1926    ncu                 eng d</marc:controlfield>
        <marc:datafield tag="040" ind1=" " ind2=" ">
            <marc:subfield code="a">NDD</marc:subfield>
            <marc:subfield code="e">dacs</marc:subfield>
            <marc:subfield code="c">NDD</marc:subfield>
        </marc:datafield>
        <marc:datafield tag="049" ind1=" " ind2=" ">
            <marc:subfield code="a">NDH6</marc:subfield>
        </marc:datafield>
        <marc:datafield tag="099" ind1=" " ind2=" ">
            <marc:subfield code="a">13f, 14d</marc:subfield>
        </marc:datafield>
        <marc:datafield tag="110" ind1="2" ind2=" ">
            <marc:subfield code="a">Duke University.</marc:subfield>
            <marc:subfield code="b">Dept. of English.</marc:subfield>
        </marc:datafield>
        <marc:datafield tag="245" ind1="1" ind2="0">
            <marc:subfield code="a">Dept. of English records,</marc:subfield>
            <marc:subfield code="f">1926-ongoing.</marc:subfield>
        </marc:datafield>
        <marc:datafield tag="300" ind1=" " ind2=" ">
            <marc:subfield code="a">15,000</marc:subfield>
            <marc:subfield code="f">items (15.1 linear ft.)</marc:subfield>
        </marc:datafield>
        <marc:datafield tag="500" ind1=" " ind2=" ">
            <marc:subfield code="a">TEMPORARY RECORD.</marc:subfield>
        </marc:datafield>
        <marc:datafield tag="506" ind1=" " ind2=" ">
            <marc:subfield code="a">Access restricted.</marc:subfield>
        </marc:datafield>
        <marc:datafield tag="545" ind1=" " ind2=" ">
            <marc:subfield code="a">The Department of English originated with Trinity College in Randolph County, and continued with the College's relocation to Durham County, and the establishment of Duke University. It was first called the Department of English circa 1850. It offered both undergraduate and graduate programs of study since at least the mid-1890s.</marc:subfield>
        </marc:datafield>
        <marc:datafield tag="520" ind1="8" ind2=" ">
            <marc:subfield code="a">Contains correspondence and memoirs from individual faculty members, department budgets, faculty meeting minutes, departmental memoranda, winning entries from student writing contests, records relating to graduate dissertations and theses, department newsletters, Graduate Student English Club records, memoranda regarding undergraduate and graduate instruction, 1926-ongoing. There is also a bound volume of essays by graduate students. Materials range in date from</marc:subfield>
        </marc:datafield>
        <marc:datafield tag="541" ind1=" " ind2=" ">
            <marc:subfield code="a">.</marc:subfield>
            <marc:subfield code="c">Transfer;</marc:subfield>
            <marc:subfield code="d">1963-2000.</marc:subfield>
        </marc:datafield>
        <marc:datafield tag="555" ind1="8" ind2=" ">
            <marc:subfield code="a">Inventory in repository.</marc:subfield>
        </marc:datafield>
        <marc:datafield tag="590" ind1=" " ind2=" ">
            <marc:subfield code="a">*sab 20061204</marc:subfield>
        </marc:datafield>
    </marc:record>