
    <marc:record>
        <marc:leader>02104npcaa2200229Ia 4500</marc:leader>
        <marc:controlfield tag="001">003075420</marc:controlfield>
        <marc:controlfield tag="005">20131007085701.0</marc:controlfield>
        <marc:controlfield tag="008">131007i19241985ncu                 eng d</marc:controlfield>
        <marc:datafield tag="024" ind1="8" ind2=" ">
            <marc:subfield code="a">uadukemathjournal</marc:subfield>
            <marc:subfield code="d">DUKEPLEAD</marc:subfield>
        </marc:datafield>
        <marc:datafield tag="035" ind1=" " ind2=" ">
            <marc:subfield code="a">859524511</marc:subfield>
        </marc:datafield>
        <marc:datafield tag="040" ind1=" " ind2=" ">
            <marc:subfield code="a">NDD</marc:subfield>
            <marc:subfield code="e">dacs</marc:subfield>
            <marc:subfield code="c">NDD</marc:subfield>
            <marc:subfield code="d">NDD</marc:subfield>
        </marc:datafield>
        <marc:datafield tag="049" ind1=" " ind2=" ">
            <marc:subfield code="a">NDH6</marc:subfield>
        </marc:datafield>
        <marc:datafield tag="110" ind1="2" ind2=" ">
            <marc:subfield code="a">Duke University Press.</marc:subfield>
        </marc:datafield>
        <marc:datafield tag="245" ind1="1" ind2="0">
            <marc:subfield code="a">Duke Mathematical Journal records,</marc:subfield>
            <marc:subfield code="f">1924-1985.</marc:subfield>
        </marc:datafield>
        <marc:datafield tag="300" ind1=" " ind2=" ">
            <marc:subfield code="a">19,000</marc:subfield>
            <marc:subfield code="f">items (27.0 linear ft.)</marc:subfield>
        </marc:datafield>
        <marc:datafield tag="545" ind1=" " ind2=" ">
            <marc:subfield code="a">The Duke Mathematical Journal was founded in 1934 and published its first issue in 1935. Its founding was brought about in large part by the American Mathematical Society's encouraging Duke University to establish a mathematical journal. In 1927, and again in 1931, the Society urged the University to create a journal, stating that the need for a new mathematical periodical existed. Furthermore, it argued that in order to attract papers from leading mathematicians, such a periodical would need assured financial support to guarantee its permanent existence, and that Duke University was in a strategic position to embark on such a project.</marc:subfield>
        </marc:datafield>
        <marc:datafield tag="520" ind1="8" ind2=" ">
            <marc:subfield code="a">This collection is largely comprised of correspondence of the individuals and organizations who communicated with the editors of the Duke Mathematical Journal. All correspondence related to accepted papers was kept, as well as a significant amount of correspondence related to rejected papers before 1970. Referee reports are also included, as well as billing and correspondence between the Journal and various publishing houses. Topics covered include edits to papers, requests for offprint copies, correspondence between editors, correspondence with the American Mathematical Society, and the Journal's budget and funding. The collection ends with a series of record books recording each paper received and reviewed by the Journal.</marc:subfield>
        </marc:datafield>
        <marc:datafield tag="610" ind1="2" ind2="0">
            <marc:subfield code="a">American Mathematical Society.</marc:subfield>
        </marc:datafield>
        <marc:datafield tag="650" ind1=" " ind2="0">
            <marc:subfield code="a">Mathematics</marc:subfield>
            <marc:subfield code="v">Periodicals.</marc:subfield>
        </marc:datafield>
        <marc:datafield tag="610" ind1="2" ind2="0">
            <marc:subfield code="a">Duke University Press.</marc:subfield>
        </marc:datafield>
        <marc:datafield tag="710" ind1="2" ind2=" ">
            <marc:subfield code="a">Duke University.</marc:subfield>
            <marc:subfield code="b">Mathematics Department.</marc:subfield>
        </marc:datafield>
        <marc:datafield tag="856" ind1="4" ind2="2">
            <marc:subfield code="y">Collection guide</marc:subfield>
            <marc:subfield code="u">http://library.duke.edu/rubenstein/findingaids/uadukemathjournal/</marc:subfield>
        </marc:datafield>
    </marc:record>