
    <marc:record>
        <marc:leader>01119npcaa2200241Ia 4500</marc:leader>
        <marc:controlfield tag="001">003414096</marc:controlfield>
        <marc:controlfield tag="005">20050208103138.0</marc:controlfield>
        <marc:controlfield tag="008">030617i19401990ncu                 eng d</marc:controlfield>
        <marc:datafield tag="040" ind1=" " ind2=" ">
            <marc:subfield code="a">NDD</marc:subfield>
            <marc:subfield code="e">dacs</marc:subfield>
            <marc:subfield code="c">NDD</marc:subfield>
        </marc:datafield>
        <marc:datafield tag="049" ind1=" " ind2=" ">
            <marc:subfield code="a">[Off-Site] NDH6</marc:subfield>
            <marc:subfield code="d">[</marc:subfield>
            <marc:subfield code="v">=Items ]</marc:subfield>
            <marc:subfield code="v">1-300</marc:subfield>
        </marc:datafield>
        <marc:datafield tag="099" ind1=" " ind2=" ">
            <marc:subfield code="a">Library Service Center</marc:subfield>
        </marc:datafield>
        <marc:datafield tag="110" ind1="2" ind2=" ">
            <marc:subfield code="a">Duke University.</marc:subfield>
            <marc:subfield code="b">Dept. of Music.</marc:subfield>
        </marc:datafield>
        <marc:datafield tag="245" ind1="1" ind2="0">
            <marc:subfield code="a">Dept. of Music video and sound recordings,</marc:subfield>
            <marc:subfield code="f">circa 1940-1990.</marc:subfield>
        </marc:datafield>
        <marc:datafield tag="300" ind1=" " ind2=" ">
            <marc:subfield code="a">Approx. 300</marc:subfield>
            <marc:subfield code="f">items (19.5 linear ft.)</marc:subfield>
        </marc:datafield>
        <marc:datafield tag="500" ind1=" " ind2=" ">
            <marc:subfield code="a">TEMPORARY RECORD.</marc:subfield>
        </marc:datafield>
        <marc:datafield tag="500" ind1=" " ind2=" ">
            <marc:subfield code="a">In off-site storage; 24 hours advance notice may be required for use.</marc:subfield>
        </marc:datafield>
        <marc:datafield tag="500" ind1=" " ind2=" ">
            <marc:subfield code="a">Unprocessed collection. Cataloged from accession records (UA2005-0011)</marc:subfield>
        </marc:datafield>
        <marc:datafield tag="506" ind1=" " ind2=" ">
            <marc:subfield code="a">Access restricted.</marc:subfield>
        </marc:datafield>
        <marc:datafield tag="545" ind1=" " ind2=" ">
            <marc:subfield code="a">The Duke University Dept. of Music created recordings of recitals and other performances of individuals and ensembles.</marc:subfield>
        </marc:datafield>
        <marc:datafield tag="520" ind1="8" ind2=" ">
            <marc:subfield code="a">Items include video and sound recordings, including tapes and cassettes, of Duke Dept. of Music recitals and performances, together with Duke performing arts events.</marc:subfield>
        </marc:datafield>
        <marc:datafield tag="610" ind1="2" ind2="0">
            <marc:subfield code="a">Duke University.</marc:subfield>
            <marc:subfield code="b">Dept. of Music.</marc:subfield>
        </marc:datafield>
        <marc:datafield tag="655" ind1=" " ind2="7">
            <marc:subfield code="a">Sound recordings.</marc:subfield>
            <marc:subfield code="2">aat</marc:subfield>
        </marc:datafield>
        <marc:datafield tag="655" ind1=" " ind2="7">
            <marc:subfield code="a">Video recordings.</marc:subfield>
            <marc:subfield code="2">aat</marc:subfield>
        </marc:datafield>
    </marc:record>