
    <marc:record>
        <marc:leader>00543npm a22001335a 4500</marc:leader>
        <marc:controlfield tag="001">003460363</marc:controlfield>
        <marc:controlfield tag="005">20141121154428.0</marc:controlfield>
        <marc:controlfield tag="008">050909i19401970ncu|||||||||||||| ||eng|d</marc:controlfield>
        <marc:datafield tag="110" ind1="2" ind2=" ">
            <marc:subfield code="a">Duke University.</marc:subfield>
            <marc:subfield code="b">Dept. of Music.</marc:subfield>
        </marc:datafield>
        <marc:datafield tag="245" ind1="1" ind2="0">
            <marc:subfield code="a">Dept. of Music LP collection,</marc:subfield>
            <marc:subfield code="f">circa 1940-1970.</marc:subfield>
        </marc:datafield>
        <marc:datafield tag="300" ind1=" " ind2=" ">
            <marc:subfield code="a">75</marc:subfield>
            <marc:subfield code="f">items (1 box)</marc:subfield>
        </marc:datafield>
        <marc:datafield tag="500" ind1=" " ind2=" ">
            <marc:subfield code="a">TEMPORARY RECORD</marc:subfield>
        </marc:datafield>
        <marc:datafield tag="520" ind1="8" ind2=" ">
            <marc:subfield code="a">Primarily 12-inch LPs, plus a few 10-inch and 7-inch records, that feature Duke Music Dept. faculty, Duke students, or have some other connection to Duke.</marc:subfield>
        </marc:datafield>
        <marc:datafield tag="545" ind1=" " ind2=" ">
            <marc:subfield code="a">The Department of Music was created in 1960.</marc:subfield>
        </marc:datafield>
    </marc:record>