
    <marc:record>
        <marc:leader>01146npcaa2200241Ia 4500</marc:leader>
        <marc:controlfield tag="001">003832058</marc:controlfield>
        <marc:controlfield tag="005">20070206161643.0</marc:controlfield>
        <marc:controlfield tag="008">030617i19421997ncu                 eng d</marc:controlfield>
        <marc:datafield tag="040" ind1=" " ind2=" ">
            <marc:subfield code="a">NDD</marc:subfield>
            <marc:subfield code="e">dacs</marc:subfield>
            <marc:subfield code="c">NDD</marc:subfield>
        </marc:datafield>
        <marc:datafield tag="049" ind1=" " ind2=" ">
            <marc:subfield code="a">NDH6</marc:subfield>
        </marc:datafield>
        <marc:datafield tag="099" ind1=" " ind2=" ">
            <marc:subfield code="a">12k</marc:subfield>
        </marc:datafield>
        <marc:datafield tag="110" ind1="2" ind2=" ">
            <marc:subfield code="a">Duke University. Dept. of Naval Science. NROTC Unit.</marc:subfield>
        </marc:datafield>
        <marc:datafield tag="245" ind1="1" ind2="0">
            <marc:subfield code="a">Naval Reserve Officers Training (NROTC) records,</marc:subfield>
            <marc:subfield code="f">1942-1997.</marc:subfield>
        </marc:datafield>
        <marc:datafield tag="300" ind1=" " ind2=" ">
            <marc:subfield code="a">1000</marc:subfield>
            <marc:subfield code="f">items (1.0 linear ft.)</marc:subfield>
        </marc:datafield>
        <marc:datafield tag="500" ind1=" " ind2=" ">
            <marc:subfield code="a">TEMPORARY RECORD.</marc:subfield>
        </marc:datafield>
        <marc:datafield tag="500" ind1=" " ind2=" ">
            <marc:subfield code="a">Closed pending processing.</marc:subfield>
        </marc:datafield>
        <marc:datafield tag="500" ind1=" " ind2=" ">
            <marc:subfield code="a">Unprocessed collection. Cataloged from accession records.</marc:subfield>
        </marc:datafield>
        <marc:datafield tag="506" ind1=" " ind2=" ">
            <marc:subfield code="a">Access restricted.</marc:subfield>
        </marc:datafield>
        <marc:datafield tag="545" ind1=" " ind2=" ">
            <marc:subfield code="a">The program in naval science offered students an opportunity to gain a broad-based knowledge in naval studies leading to a challenging career as a naval or marine corps officer [1997 Bulletin of Duke University].</marc:subfield>
        </marc:datafield>
        <marc:datafield tag="520" ind1="8" ind2=" ">
            <marc:subfield code="a">Command histories, memoranda, regulations, The Devil's Log, printed matter, clippings, contact sheets, negatives, photographs and film. The material ranges in date from 1942-1997. See also publication The Duke Dolphin.</marc:subfield>
        </marc:datafield>
        <marc:datafield tag="541" ind1=" " ind2=" ">
            <marc:subfield code="a">.</marc:subfield>
            <marc:subfield code="c">Transfer;</marc:subfield>
            <marc:subfield code="d">.</marc:subfield>
        </marc:datafield>
        <marc:datafield tag="555" ind1="8" ind2=" ">
            <marc:subfield code="a">Inventory in repository.</marc:subfield>
        </marc:datafield>
        <marc:datafield tag="590" ind1=" " ind2=" ">
            <marc:subfield code="a">*kds 20070206</marc:subfield>
        </marc:datafield>
    </marc:record>