
    <marc:record>
        <marc:leader>01443npcaa2200217Ia 4500</marc:leader>
        <marc:controlfield tag="001">003829787</marc:controlfield>
        <marc:controlfield tag="005">20070129131705.0</marc:controlfield>
        <marc:controlfield tag="008">030617i19541998ncu                 eng d</marc:controlfield>
        <marc:datafield tag="040" ind1=" " ind2=" ">
            <marc:subfield code="a">NDD</marc:subfield>
            <marc:subfield code="e">dacs</marc:subfield>
            <marc:subfield code="c">NDD</marc:subfield>
        </marc:datafield>
        <marc:datafield tag="049" ind1=" " ind2=" ">
            <marc:subfield code="a">NDH6</marc:subfield>
        </marc:datafield>
        <marc:datafield tag="099" ind1=" " ind2=" ">
            <marc:subfield code="a">13e</marc:subfield>
        </marc:datafield>
        <marc:datafield tag="110" ind1="2" ind2=" ">
            <marc:subfield code="a">Duke University.</marc:subfield>
            <marc:subfield code="b">Dept. of Religion.</marc:subfield>
        </marc:datafield>
        <marc:datafield tag="245" ind1="1" ind2="0">
            <marc:subfield code="a">Dept. of Religion records,</marc:subfield>
            <marc:subfield code="f">1954-1998, bulk, 1954-1978.</marc:subfield>
        </marc:datafield>
        <marc:datafield tag="300" ind1=" " ind2=" ">
            <marc:subfield code="a">2,500</marc:subfield>
            <marc:subfield code="f">items (4.0 linear ft.)</marc:subfield>
        </marc:datafield>
        <marc:datafield tag="500" ind1=" " ind2=" ">
            <marc:subfield code="a">TEMPORARY RECORD.</marc:subfield>
        </marc:datafield>
        <marc:datafield tag="506" ind1=" " ind2=" ">
            <marc:subfield code="a">Access restricted - Personnel and student records.</marc:subfield>
        </marc:datafield>
        <marc:datafield tag="545" ind1=" " ind2=" ">
            <marc:subfield code="a">The Department of Religion offers introductory courses in all the major religious traditions, notably Christianity, Judaism, Islam, Hinduism, Buddhism, Confucianism, and Taoism. Other courses offer additional study of these traditions and their texts, often focusing on specific features -- such as gender, ethics, mysticism -- or historical periods.</marc:subfield>
        </marc:datafield>
        <marc:datafield tag="520" ind1="8" ind2=" ">
            <marc:subfield code="a">Collection contains materials relating to the activities and operation of the Department of Religion. Subject areas include: course descriptions, insitutes and symposia, correspondence, ca. 1966-1970, Executive Committee, Graduate studies in religion, newsletter - Tower of Bable, Minutes of staff meetings, ca. 1957-1976, proposed professorships, honors program, &quot;High God&quot; papers ,and budgets, 1970-1978. Dats in the collection range from 1954-1998, bulk 1954-1978.</marc:subfield>
        </marc:datafield>
        <marc:datafield tag="541" ind1=" " ind2=" ">
            <marc:subfield code="a">.</marc:subfield>
            <marc:subfield code="c">Transfer;</marc:subfield>
            <marc:subfield code="d">1974-1984; 1992.</marc:subfield>
        </marc:datafield>
        <marc:datafield tag="555" ind1="8" ind2=" ">
            <marc:subfield code="a">Inventory in repository.</marc:subfield>
        </marc:datafield>
        <marc:datafield tag="590" ind1=" " ind2=" ">
            <marc:subfield code="a">*sab 20070129</marc:subfield>
        </marc:datafield>
    </marc:record>