
    <marc:record>
        <marc:leader>01098npm a22001455a 4500</marc:leader>
        <marc:controlfield tag="001">003895893</marc:controlfield>
        <marc:controlfield tag="005">20120912142357.0</marc:controlfield>
        <marc:controlfield tag="008">070920i19692002ncu|||||||||||||| ||eng|d</marc:controlfield>
        <marc:datafield tag="110" ind1="2" ind2=" ">
            <marc:subfield code="a">Duke University.</marc:subfield>
            <marc:subfield code="b">Dept. of Theater Studies.</marc:subfield>
        </marc:datafield>
        <marc:datafield tag="245" ind1="1" ind2="0">
            <marc:subfield code="a">Dept. of Theater Studies records,</marc:subfield>
            <marc:subfield code="f">ca. 1969-2002.</marc:subfield>
        </marc:datafield>
        <marc:datafield tag="300" ind1=" " ind2=" ">
            <marc:subfield code="a">6,000</marc:subfield>
            <marc:subfield code="f">items (7 boxes)</marc:subfield>
        </marc:datafield>
        <marc:datafield tag="500" ind1=" " ind2=" ">
            <marc:subfield code="a">TEMPORARY RECORD</marc:subfield>
        </marc:datafield>
        <marc:datafield tag="506" ind1=" " ind2=" ">
            <marc:subfield code="a">Access restricted: use copies will need to be made of video and audio materials.</marc:subfield>
        </marc:datafield>
        <marc:datafield tag="520" ind1="8" ind2=" ">
            <marc:subfield code="a">Materials present include clippings, flyers and promotional materials for various productions. Some prominent productions represented include A Thousand Clowns, Kuduz the Musical, and Paper Doll. Other items present include administrative files, slides, prints, programs and brochures, and various video and audio formats (betacam, VHS, U-matic, Ampex 406, and cassette). Dates present in the collection range from circa 1969-2002.</marc:subfield>
        </marc:datafield>
        <marc:datafield tag="545" ind1=" " ind2=" ">
            <marc:subfield code="a">The present drama program had its origins in a 1972 report prepared by the Chancellor's Committee to Study Drama at Duke. On July 1, 2001 the Drama Program officially became the Department of Theater Studies.</marc:subfield>
        </marc:datafield>
    </marc:record>