
    <marc:record>
        <marc:leader>01934npcaa2200229Ia 4500</marc:leader>
        <marc:controlfield tag="001">003813735</marc:controlfield>
        <marc:controlfield tag="005">20071218142755.0</marc:controlfield>
        <marc:controlfield tag="008">030617i19832004ncu                 eng d</marc:controlfield>
        <marc:datafield tag="040" ind1=" " ind2=" ">
            <marc:subfield code="a">NDD</marc:subfield>
            <marc:subfield code="e">dacs</marc:subfield>
            <marc:subfield code="c">NDD</marc:subfield>
        </marc:datafield>
        <marc:datafield tag="049" ind1=" " ind2=" ">
            <marc:subfield code="a">NDH6</marc:subfield>
        </marc:datafield>
        <marc:datafield tag="099" ind1=" " ind2=" ">
            <marc:subfield code="a">13n-p; 15a; section 29</marc:subfield>
        </marc:datafield>
        <marc:datafield tag="110" ind1="2" ind2=" ">
            <marc:subfield code="a">Duke University.</marc:subfield>
            <marc:subfield code="b">Women's Studies Program.</marc:subfield>
        </marc:datafield>
        <marc:datafield tag="245" ind1="1" ind2="0">
            <marc:subfield code="a">Women's Studies Program records,</marc:subfield>
            <marc:subfield code="f">circa 1983-2004.</marc:subfield>
        </marc:datafield>
        <marc:datafield tag="300" ind1=" " ind2=" ">
            <marc:subfield code="a">30,250</marc:subfield>
            <marc:subfield code="f">items (49.2 linear ft.)</marc:subfield>
        </marc:datafield>
        <marc:datafield tag="500" ind1=" " ind2=" ">
            <marc:subfield code="a">TEMPORARY RECORD.</marc:subfield>
        </marc:datafield>
        <marc:datafield tag="500" ind1=" " ind2=" ">
            <marc:subfield code="a">Unprocessed collection. Cataloged from accession records.</marc:subfield>
        </marc:datafield>
        <marc:datafield tag="506" ind1=" " ind2=" ">
            <marc:subfield code="a">Access restricted.</marc:subfield>
        </marc:datafield>
        <marc:datafield tag="545" ind1=" " ind2=" ">
            <marc:subfield code="a">Women's Studies was instituted at Duke University in 1983 with &quot;a single desk in the corner of 119 East Duke, known informally as the blue parlor, with Jean O'Barr as director.&quot; Later developments saw the arrival of Signs: Journal of Women in Culture and Society to Duke in 1984 (Jean O'Barr as editor) and the beginning of Graduate courses in Women's Studies in 1987. The undergraduate major and minor were established in 1994. Currently (2006), The Women's Studies Program is Duke's largest interdisciplinary program. More than 75 Duke faculty members affiliate with Women's Studies.</marc:subfield>
        </marc:datafield>
        <marc:datafield tag="520" ind1="8" ind2=" ">
            <marc:subfield code="a">Collection contains correspondence, newsletters, memoranda, clippings, photographs, videocassettes, program files, personnel records, and other materials concerning program operations and events, as well as other printed matter. Subjects include the experience of women at Duke (Alumnae Survey), Council and Friends of Women's Studies (1992-1998), Campaign for Duke /Campaign for Women's Studies, (1987-1992), the Faculty Seminar series, (1987-1997), the Graduate Research Conference, (1995-1997), Women's Studies Steering Committee, (1993-1998), the Anne Scott Research Grants and the Anne McDougall Memorial Award. Materials range in date from circa 1983 to 2004.</marc:subfield>
        </marc:datafield>
        <marc:datafield tag="541" ind1=" " ind2=" ">
            <marc:subfield code="a">.</marc:subfield>
            <marc:subfield code="c">Transfer;</marc:subfield>
            <marc:subfield code="d">1984-2004.</marc:subfield>
        </marc:datafield>
        <marc:datafield tag="555" ind1="8" ind2=" ">
            <marc:subfield code="a">Inventory in repository.</marc:subfield>
        </marc:datafield>
        <marc:datafield tag="590" ind1=" " ind2=" ">
            <marc:subfield code="a">*sab 20061212</marc:subfield>
        </marc:datafield>
    </marc:record>