
    <marc:record>
        <marc:leader>00993npm a22001455a 4500</marc:leader>
        <marc:controlfield tag="001">004204957</marc:controlfield>
        <marc:controlfield tag="005">20120912153422.0</marc:controlfield>
        <marc:controlfield tag="008">090903s2007    ncu|||||||||||||| ||eng|d</marc:controlfield>
        <marc:datafield tag="110" ind1="2" ind2=" ">
            <marc:subfield code="a">Duke University.</marc:subfield>
            <marc:subfield code="b">Arts of the Moving Image Program.</marc:subfield>
        </marc:datafield>
        <marc:datafield tag="245" ind1="1" ind2="0">
            <marc:subfield code="a">Student films,</marc:subfield>
            <marc:subfield code="f">2007.</marc:subfield>
        </marc:datafield>
        <marc:datafield tag="300" ind1=" " ind2=" ">
            <marc:subfield code="a">18</marc:subfield>
            <marc:subfield code="f">items (2 boxes)</marc:subfield>
        </marc:datafield>
        <marc:datafield tag="500" ind1=" " ind2=" ">
            <marc:subfield code="a">TEMPORARY RECORD</marc:subfield>
        </marc:datafield>
        <marc:datafield tag="506" ind1=" " ind2=" ">
            <marc:subfield code="a">Access restricted: reformatting needed.</marc:subfield>
        </marc:datafield>
        <marc:datafield tag="520" ind1="8" ind2=" ">
            <marc:subfield code="a">11 reels and 7 digital tapes of negatives for The Doll, a film production funded by the president's office and produced in a class called Adapting Literature, Producing Film. The Doll is an adaptation of a Charles Chesnutt short story. More information can be found at these websites: http://www.youtube.com/watch?v=SxRwvIdAlOw and http://www.duke.edu/~aef/The%20Doll/</marc:subfield>
        </marc:datafield>
        <marc:datafield tag="545" ind1=" " ind2=" ">
            <marc:subfield code="a">The Program in the Arts of the Moving Image offers an interdisciplinary course of study in the production, history, and critical analysis of all forms of the moving image: film, television, animation, and computer-generated media.</marc:subfield>
        </marc:datafield>
    </marc:record>