
    <marc:record>
        <marc:leader>01429npcaa2200241Ia 4500</marc:leader>
        <marc:controlfield tag="001">003804429</marc:controlfield>
        <marc:controlfield tag="005">20061106120751.0</marc:controlfield>
        <marc:controlfield tag="008">030617i19631974ncu                 eng d</marc:controlfield>
        <marc:datafield tag="040" ind1=" " ind2=" ">
            <marc:subfield code="a">NDD</marc:subfield>
            <marc:subfield code="e">dacs</marc:subfield>
            <marc:subfield code="c">NDD</marc:subfield>
        </marc:datafield>
        <marc:datafield tag="049" ind1=" " ind2=" ">
            <marc:subfield code="a">[Off-Site] NDH6</marc:subfield>
        </marc:datafield>
        <marc:datafield tag="099" ind1=" " ind2=" ">
            <marc:subfield code="a">Library Service Center</marc:subfield>
        </marc:datafield>
        <marc:datafield tag="110" ind1="2" ind2=" ">
            <marc:subfield code="a">Duke University.</marc:subfield>
            <marc:subfield code="b">Cooperative Program in the Humanities.</marc:subfield>
        </marc:datafield>
        <marc:datafield tag="245" ind1="1" ind2="0">
            <marc:subfield code="a">Cooperative Program in the Humanities records,</marc:subfield>
            <marc:subfield code="f">circa 1963-1974.</marc:subfield>
        </marc:datafield>
        <marc:datafield tag="300" ind1=" " ind2=" ">
            <marc:subfield code="a">3,750</marc:subfield>
            <marc:subfield code="f">items (5.2 linear ft.)</marc:subfield>
        </marc:datafield>
        <marc:datafield tag="500" ind1=" " ind2=" ">
            <marc:subfield code="a">TEMPORARY RECORD.</marc:subfield>
        </marc:datafield>
        <marc:datafield tag="500" ind1=" " ind2=" ">
            <marc:subfield code="a">In off-site storage; 24 hours advance notice may be required for use.</marc:subfield>
        </marc:datafield>
        <marc:datafield tag="500" ind1=" " ind2=" ">
            <marc:subfield code="a">Unprocessed collection. Cataloged from accession records.</marc:subfield>
        </marc:datafield>
        <marc:datafield tag="506" ind1=" " ind2=" ">
            <marc:subfield code="a">Access restricted.</marc:subfield>
        </marc:datafield>
        <marc:datafield tag="545" ind1=" " ind2=" ">
            <marc:subfield code="a">The Cooperative Program in the Humanities was a joint venture by Duke University and UNC-CH that began in 1963 with the award of a Ford Foundation grant for three academic years. A joint central committee was established to plan and manage the program. The program came to an end in August 1971.</marc:subfield>
        </marc:datafield>
        <marc:datafield tag="520" ind1="8" ind2=" ">
            <marc:subfield code="a">The records contain general office files, including printed materials, reports, proposals, minutes, correspondence, and other records. Subjects include administration of the Program, the Southeastern Institute of Medieval and Renaissance Studies, and other activities. The materials cover the date range circa 1963-1974.</marc:subfield>
        </marc:datafield>
        <marc:datafield tag="541" ind1=" " ind2=" ">
            <marc:subfield code="a">.</marc:subfield>
            <marc:subfield code="c">Transfer;</marc:subfield>
            <marc:subfield code="d">1974, 1982, 1987.</marc:subfield>
        </marc:datafield>
        <marc:datafield tag="555" ind1="8" ind2=" ">
            <marc:subfield code="a">Inventory in repository.</marc:subfield>
        </marc:datafield>
        <marc:datafield tag="590" ind1=" " ind2=" ">
            <marc:subfield code="a">*sab 20061106</marc:subfield>
        </marc:datafield>
    </marc:record>