
    <marc:record>
        <marc:leader>00897npm a22001455a 4500</marc:leader>
        <marc:controlfield tag="001">004445152</marc:controlfield>
        <marc:controlfield tag="005">20120912154249.0</marc:controlfield>
        <marc:controlfield tag="008">100923i19892007ncu|||||||||||||| ||eng|d</marc:controlfield>
        <marc:datafield tag="110" ind1="2" ind2=" ">
            <marc:subfield code="a">Humanities, Arts, Science and Technology Advanced Collabratory (HASTAC)</marc:subfield>
        </marc:datafield>
        <marc:datafield tag="245" ind1="1" ind2="0">
            <marc:subfield code="a">HASTAC Records</marc:subfield>
            <marc:subfield code="f">ca. 1989-2007</marc:subfield>
        </marc:datafield>
        <marc:datafield tag="300" ind1=" " ind2=" ">
            <marc:subfield code="a">2500</marc:subfield>
            <marc:subfield code="f">items (3 boxes)</marc:subfield>
        </marc:datafield>
        <marc:datafield tag="500" ind1=" " ind2=" ">
            <marc:subfield code="a">TEMPORARY RECORD</marc:subfield>
        </marc:datafield>
        <marc:datafield tag="506" ind1=" " ind2=" ">
            <marc:subfield code="a">Access restricted: admin records/ etc.</marc:subfield>
        </marc:datafield>
        <marc:datafield tag="520" ind1="8" ind2=" ">
            <marc:subfield code="a">General office files including correspondence, articles, conference materials, clippings, bound publications and other materials. Website capture of http://www.hastac.org made using Archive-It (http://wayback.archive-it.org/1858/*/http://www.hastac.org).</marc:subfield>
        </marc:datafield>
        <marc:datafield tag="545" ind1=" " ind2=" ">
            <marc:subfield code="a">HASTAC (&quot;haystack&quot;) is a consoritum of humanists, artists, social scientists, scientists, and engineers committed to new forms of collaboration across communities and disciplines fostered by creative uses of technology.</marc:subfield>
        </marc:datafield>
    </marc:record>