
    <marc:record>
        <marc:leader>00885npm a22001455a 4500</marc:leader>
        <marc:controlfield tag="001">004438128</marc:controlfield>
        <marc:controlfield tag="005">20120912154050.0</marc:controlfield>
        <marc:controlfield tag="008">100827i19542004ncu|||||||||||||| ||eng|d</marc:controlfield>
        <marc:datafield tag="110" ind1="2" ind2=" ">
            <marc:subfield code="a">Duke University.</marc:subfield>
            <marc:subfield code="b">Graduate Program in Religion.</marc:subfield>
        </marc:datafield>
        <marc:datafield tag="245" ind1="1" ind2="0">
            <marc:subfield code="a">Graduate Program in Religion Records</marc:subfield>
            <marc:subfield code="f">ca. 1954-2004</marc:subfield>
        </marc:datafield>
        <marc:datafield tag="300" ind1=" " ind2=" ">
            <marc:subfield code="a">1350</marc:subfield>
            <marc:subfield code="f">items (2 boxes)</marc:subfield>
        </marc:datafield>
        <marc:datafield tag="500" ind1=" " ind2=" ">
            <marc:subfield code="a">TEMPORARY RECORD</marc:subfield>
        </marc:datafield>
        <marc:datafield tag="506" ind1=" " ind2=" ">
            <marc:subfield code="a">Access restricted: admin records/ etc.</marc:subfield>
        </marc:datafield>
        <marc:datafield tag="520" ind1="8" ind2=" ">
            <marc:subfield code="a">General office files</marc:subfield>
        </marc:datafield>
        <marc:datafield tag="545" ind1=" " ind2=" ">
            <marc:subfield code="a">The Graduate Program in Religion at Duke University is an exciting collaboration between the Department of Religion in Duke's College of Arts and Sciences and Duke Divinity School. The GPR is a tight-knit community of diverse and dynamic faculty and graduate students, all of whom enjoy valuable scholarly exchange not only with each other, but with our colleagues in the broader university and at the University of North Carolina-Chapel Hill.</marc:subfield>
        </marc:datafield>
    </marc:record>