
    <marc:record>
        <marc:leader>00703npm a22001335a 4500</marc:leader>
        <marc:controlfield tag="001">003909459</marc:controlfield>
        <marc:controlfield tag="005">20120912143023.0</marc:controlfield>
        <marc:controlfield tag="008">071106i19951998ncu|||||||||||||| ||eng|d</marc:controlfield>
        <marc:datafield tag="110" ind1="2" ind2=" ">
            <marc:subfield code="a">Duke University.</marc:subfield>
            <marc:subfield code="b">News Service.</marc:subfield>
        </marc:datafield>
        <marc:datafield tag="245" ind1="1" ind2="0">
            <marc:subfield code="a">National and International News Coverage for Duke University,</marc:subfield>
            <marc:subfield code="f">1995-1998.</marc:subfield>
        </marc:datafield>
        <marc:datafield tag="300" ind1=" " ind2=" ">
            <marc:subfield code="a">51</marc:subfield>
            <marc:subfield code="f">items (1 box)</marc:subfield>
        </marc:datafield>
        <marc:datafield tag="520" ind1="8" ind2=" ">
            <marc:subfield code="a">Accession consists of 51 reports entitled “National and International News Coverage for Duke University” monthly compilations of Duke University in the news. Dates range from January 1995 to December 1998.</marc:subfield>
        </marc:datafield>
        <marc:datafield tag="545" ind1=" " ind2=" ">
            <marc:subfield code="a">The Duke University News Service manages release of Duke University news and information to local and national news agencies.</marc:subfield>
        </marc:datafield>
        <marc:datafield tag="500" ind1=" " ind2=" ">
            <marc:subfield code="a">TEMPORARY RECORD</marc:subfield>
        </marc:datafield>
    </marc:record>