
    <marc:record>
        <marc:leader>00590cpc a2200181Ia 4500</marc:leader>
        <marc:controlfield tag="001">003075408</marc:controlfield>
        <marc:controlfield tag="005">20061005082942.0</marc:controlfield>
        <marc:controlfield tag="008">020523i19241980ncu                 eng d</marc:controlfield>
        <marc:datafield tag="040" ind1=" " ind2=" ">
            <marc:subfield code="a">NDD</marc:subfield>
            <marc:subfield code="e">appm</marc:subfield>
            <marc:subfield code="c">NDD</marc:subfield>
        </marc:datafield>
        <marc:datafield tag="049" ind1=" " ind2=" ">
            <marc:subfield code="a">NDDA</marc:subfield>
            <marc:subfield code="d">[1-=Boxes]</marc:subfield>
            <marc:subfield code="v">1-21</marc:subfield>
        </marc:datafield>
        <marc:datafield tag="099" ind1=" " ind2=" ">
            <marc:subfield code="a">Lib. Serv. Ctr. ; UA Oversize</marc:subfield>
        </marc:datafield>
        <marc:datafield tag="100" ind1="1" ind2=" ">
            <marc:subfield code="a">Clark, Kenneth Willis,</marc:subfield>
            <marc:subfield code="d">1898-</marc:subfield>
        </marc:datafield>
        <marc:datafield tag="245" ind1="1" ind2="0">
            <marc:subfield code="a">Kenneth Willis Clark papers,</marc:subfield>
            <marc:subfield code="f">1924-1980.</marc:subfield>
        </marc:datafield>
        <marc:datafield tag="300" ind1=" " ind2=" ">
            <marc:subfield code="a">20,100</marc:subfield>
            <marc:subfield code="f">items (21 Boxes)</marc:subfield>
        </marc:datafield>
        <marc:datafield tag="500" ind1=" " ind2=" ">
            <marc:subfield code="a">TEMPORARY RECORD.</marc:subfield>
        </marc:datafield>
        <marc:datafield tag="500" ind1=" " ind2=" ">
            <marc:subfield code="a">Some materials stored offsite. May require 24 hours for retrieval.</marc:subfield>
        </marc:datafield>
        <marc:datafield tag="506" ind1=" " ind2=" ">
            <marc:subfield code="a">Access restricted. Closed pending processing.</marc:subfield>
        </marc:datafield>
        <marc:datafield tag="590" ind1=" " ind2=" ">
            <marc:subfield code="a">*tdp</marc:subfield>
        </marc:datafield>
    </marc:record>
    <marc:record>
        <marc:leader>00055cpc a2200037Ia 4500</marc:leader>
        <marc:controlfield tag="005">20040712210100.0</marc:controlfield>
    </marc:record>