
    <marc:record>
        <marc:leader>00612npcaa22001815a 4500</marc:leader>
        <marc:controlfield tag="001">003397834</marc:controlfield>
        <marc:controlfield tag="005">20041220131258.0</marc:controlfield>
        <marc:controlfield tag="008">041220k19201970ncu|||||||||||||||||eng|d</marc:controlfield>
        <marc:datafield tag="040" ind1=" " ind2=" ">
            <marc:subfield code="a">NDD</marc:subfield>
            <marc:subfield code="e">appm</marc:subfield>
            <marc:subfield code="c">NDD</marc:subfield>
        </marc:datafield>
        <marc:datafield tag="049" ind1=" " ind2=" ">
            <marc:subfield code="a">NDH6</marc:subfield>
            <marc:subfield code="d">[</marc:subfield>
            <marc:subfield code="v">=Box]</marc:subfield>
            <marc:subfield code="v">1-9</marc:subfield>
        </marc:datafield>
        <marc:datafield tag="099" ind1=" " ind2=" ">
            <marc:subfield code="a">Library Service Center</marc:subfield>
        </marc:datafield>
        <marc:datafield tag="100" ind1="1" ind2=" ">
            <marc:subfield code="a">Powell, Benjamin E.</marc:subfield>
            <marc:subfield code="q">(Benjamin Edward),</marc:subfield>
            <marc:subfield code="d">1905-1981.</marc:subfield>
        </marc:datafield>
        <marc:datafield tag="245" ind1="1" ind2="0">
            <marc:subfield code="a">Benjamin E. Powell papers,</marc:subfield>
            <marc:subfield code="f">ca. 1920-1970.</marc:subfield>
        </marc:datafield>
        <marc:datafield tag="300" ind1=" " ind2=" ">
            <marc:subfield code="a">9000</marc:subfield>
            <marc:subfield code="f">items (13.5 linear ft.)</marc:subfield>
        </marc:datafield>
        <marc:datafield tag="500" ind1=" " ind2=" ">
            <marc:subfield code="a">TEMPORARY RECORD.</marc:subfield>
        </marc:datafield>
        <marc:datafield tag="500" ind1=" " ind2=" ">
            <marc:subfield code="a">In off-site storage; 24 hours advance notice may be required for use.</marc:subfield>
        </marc:datafield>
        <marc:datafield tag="506" ind1=" " ind2=" ">
            <marc:subfield code="a">Access restricted. Closed pending processing.</marc:subfield>
        </marc:datafield>
        <marc:datafield tag="590" ind1=" " ind2=" ">
            <marc:subfield code="a">*jak</marc:subfield>
        </marc:datafield>
    </marc:record>