
    <marc:record>
        <marc:leader>01149npm a22001575a 4500</marc:leader>
        <marc:controlfield tag="001">003779498</marc:controlfield>
        <marc:controlfield tag="005">20120911152129.0</marc:controlfield>
        <marc:controlfield tag="008">060829i18961987ncu|||||||||||||| ||eng|d</marc:controlfield>
        <marc:datafield tag="100" ind1="1" ind2=" ">
            <marc:subfield code="a">Spengler, Joseph J.</marc:subfield>
            <marc:subfield code="q">(Joseph John),</marc:subfield>
            <marc:subfield code="d">1902-1991.</marc:subfield>
        </marc:datafield>
        <marc:datafield tag="245" ind1="1" ind2="0">
            <marc:subfield code="a">Joseph Spengler Papers,</marc:subfield>
            <marc:subfield code="f">[circa 1896]-1987</marc:subfield>
        </marc:datafield>
        <marc:datafield tag="300" ind1=" " ind2=" ">
            <marc:subfield code="a">1</marc:subfield>
            <marc:subfield code="f">item (1 box)</marc:subfield>
        </marc:datafield>
        <marc:datafield tag="506" ind1=" " ind2=" ">
            <marc:subfield code="a">No restrictions.</marc:subfield>
        </marc:datafield>
        <marc:datafield tag="520" ind1="8" ind2=" ">
            <marc:subfield code="a">The hand-colored photo print is framed, and the writing on the back states it is a photograph of the Ohio birthplace of Duke Economics professor Joseph J. Spengler. The photograph is circa 1909. Professor Spengler's papers are located in the Rare Book, Manuscript and Special Collections Library at Duke University.</marc:subfield>
        </marc:datafield>
        <marc:datafield tag="545" ind1=" " ind2=" ">
            <marc:subfield code="a">Professor Joseph J. Spengler, a founding professor of Duke University, was pivotal in building the Graduate Program in Economics. In 1934 he joined the faculty where he rapidly rose to international preeminence. He retired as James B. Duke Professor of Economics in 1972.</marc:subfield>
        </marc:datafield>
        <marc:datafield tag="500" ind1=" " ind2=" ">
            <marc:subfield code="a">TEMPORARY RECORD</marc:subfield>
        </marc:datafield>
        <marc:datafield tag="500" ind1=" " ind2=" ">
            <marc:subfield code="a">According to Professor Kelly, the photograph was stored in the Department of Economics. The writing on the back is supposedly that of Professor Spengler's widow.</marc:subfield>
        </marc:datafield>
    </marc:record>