
    <marc:record>
        <marc:leader>00678npm a22001455a 4500</marc:leader>
        <marc:controlfield tag="001">003837146</marc:controlfield>
        <marc:controlfield tag="005">20120911153223.0</marc:controlfield>
        <marc:controlfield tag="008">070222i19602003ncu|||||||||||||| ||eng|d</marc:controlfield>
        <marc:datafield tag="100" ind1="1" ind2=" ">
            <marc:subfield code="a">Palmer, Richard.</marc:subfield>
        </marc:datafield>
        <marc:datafield tag="245" ind1="1" ind2="0">
            <marc:subfield code="a">Richard Palmer papers,</marc:subfield>
            <marc:subfield code="f">circa 1960-2003.</marc:subfield>
        </marc:datafield>
        <marc:datafield tag="300" ind1=" " ind2=" ">
            <marc:subfield code="a">16,000</marc:subfield>
            <marc:subfield code="f">items (17 boxes)</marc:subfield>
        </marc:datafield>
        <marc:datafield tag="506" ind1=" " ind2=" ">
            <marc:subfield code="a">Access restricted: student records/ admin records/ etc.</marc:subfield>
        </marc:datafield>
        <marc:datafield tag="520" ind1="8" ind2=" ">
            <marc:subfield code="a">Lab research notebooks, administration files, equipment files, department files, graduate program files, lecture series files and CFE files. Boxes 16-17 are not full.</marc:subfield>
        </marc:datafield>
        <marc:datafield tag="545" ind1=" " ind2=" ">
            <marc:subfield code="a">Professor Richard A. Palmer is a Professor in the Dept. of Chemistry at Duke University. He is retiring in 2007.</marc:subfield>
        </marc:datafield>
        <marc:datafield tag="500" ind1=" " ind2=" ">
            <marc:subfield code="a">TEMPORARY RECORD</marc:subfield>
        </marc:datafield>
    </marc:record>