
    <marc:record>
        <marc:leader>00914npcaa2200205Ia 450 </marc:leader>
        <marc:controlfield tag="001">003962809</marc:controlfield>
        <marc:controlfield tag="005">20110523140118.0</marc:controlfield>
        <marc:controlfield tag="008">080508b        ncu                 eng d</marc:controlfield>
        <marc:datafield tag="035" ind1=" " ind2=" ">
            <marc:subfield code="a">227207811</marc:subfield>
        </marc:datafield>
        <marc:datafield tag="040" ind1=" " ind2=" ">
            <marc:subfield code="a">NDD</marc:subfield>
            <marc:subfield code="e">dacs</marc:subfield>
            <marc:subfield code="c">NDD</marc:subfield>
        </marc:datafield>
        <marc:datafield tag="049" ind1=" " ind2=" ">
            <marc:subfield code="a">NDH6</marc:subfield>
        </marc:datafield>
        <marc:datafield tag="099" ind1=" " ind2=" ">
            <marc:subfield code="a">1st 17:A (Small Collections)</marc:subfield>
        </marc:datafield>
        <marc:datafield tag="100" ind1="1" ind2=" ">
            <marc:subfield code="a">Alden, John Richard,</marc:subfield>
            <marc:subfield code="d">1908-1991.</marc:subfield>
        </marc:datafield>
        <marc:datafield tag="245" ind1="1" ind2="0">
            <marc:subfield code="a">John R. Alden papers,</marc:subfield>
            <marc:subfield code="f">undated.</marc:subfield>
        </marc:datafield>
        <marc:datafield tag="300" ind1=" " ind2=" ">
            <marc:subfield code="a">7</marc:subfield>
            <marc:subfield code="f">items (one folder)</marc:subfield>
        </marc:datafield>
        <marc:datafield tag="545" ind1=" " ind2=" ">
            <marc:subfield code="a">John R. Alden was a James B. Duke Professor Emeritus of History at Duke University. He taught at Duke from 1955-1976. His expertise was United States colonial history.</marc:subfield>
        </marc:datafield>
        <marc:datafield tag="520" ind1="8" ind2=" ">
            <marc:subfield code="a">Seven undated poems written by Alden. They are entitled, &quot;Washington,&quot; &quot;Thomas Jefferson,&quot; &quot;Benjamin Franklin,&quot; &quot;Alexander Hamilton,&quot; &quot;Edward Gibbon,&quot; &quot;George III,&quot; and &quot;William Pitt the Elder.&quot;</marc:subfield>
        </marc:datafield>
        <marc:datafield tag="541" ind1=" " ind2=" ">
            <marc:subfield code="a">.</marc:subfield>
            <marc:subfield code="c">Transfer;</marc:subfield>
            <marc:subfield code="d">1977.</marc:subfield>
        </marc:datafield>
        <marc:datafield tag="600" ind1="1" ind2="0">
            <marc:subfield code="a">Alden, John Richard,</marc:subfield>
            <marc:subfield code="d">1908-1991.</marc:subfield>
        </marc:datafield>
        <marc:datafield tag="650" ind1=" " ind2="0">
            <marc:subfield code="a">Poetry, Modern</marc:subfield>
            <marc:subfield code="y">20th century.</marc:subfield>
        </marc:datafield>
    </marc:record>