
    <marc:record>
        <marc:leader>01070npcaa2200193Ia 4500</marc:leader>
        <marc:controlfield tag="001">003963376</marc:controlfield>
        <marc:controlfield tag="005">20080512102645.0</marc:controlfield>
        <marc:controlfield tag="008">080512s1976    ncu                 eng d</marc:controlfield>
        <marc:datafield tag="035" ind1=" " ind2=" ">
            <marc:subfield code="a">227794404</marc:subfield>
        </marc:datafield>
        <marc:datafield tag="040" ind1=" " ind2=" ">
            <marc:subfield code="a">NDD</marc:subfield>
            <marc:subfield code="e">dacs</marc:subfield>
            <marc:subfield code="c">NDD</marc:subfield>
        </marc:datafield>
        <marc:datafield tag="049" ind1=" " ind2=" ">
            <marc:subfield code="a">NDDP</marc:subfield>
        </marc:datafield>
        <marc:datafield tag="100" ind1="1" ind2=" ">
            <marc:subfield code="a">Avery, Caroline Long.</marc:subfield>
        </marc:datafield>
        <marc:datafield tag="245" ind1="1" ind2="0">
            <marc:subfield code="a">Papers,</marc:subfield>
            <marc:subfield code="f">1976</marc:subfield>
        </marc:datafield>
        <marc:datafield tag="300" ind1=" " ind2=" ">
            <marc:subfield code="a">1</marc:subfield>
            <marc:subfield code="f">item (1 folder)</marc:subfield>
        </marc:datafield>
        <marc:datafield tag="520" ind1="8" ind2=" ">
            <marc:subfield code="a">&quot;Sidelights on the Development of Normal School into Trinity College (now Duke University)&quot; was written by Avery in 1976. According to a letter she wrote to Dr. Mattie Russell of the former Manuscript Dept. at Perkins Library, she used letters from the Southern Historical Collection at the University of North Carolina at Chapel Hill as her sources. The history does not include footnotes or a bibliography but does offer that Avery used letters from Major William McKendree Robbins to Mary Montgomery and from Mrs. Marquis Wood to the Hon. Gaston Robbins.</marc:subfield>
        </marc:datafield>
        <marc:datafield tag="541" ind1=" " ind2=" ">
            <marc:subfield code="a">.</marc:subfield>
            <marc:subfield code="c">Transfer;</marc:subfield>
            <marc:subfield code="d">1977.</marc:subfield>
        </marc:datafield>
        <marc:datafield tag="600" ind1="1" ind2="0">
            <marc:subfield code="a">Avery, Caroline Long.</marc:subfield>
        </marc:datafield>
        <marc:datafield tag="610" ind1="2" ind2="0">
            <marc:subfield code="a">Normal College (Randolph County, N.C.)</marc:subfield>
        </marc:datafield>
        <marc:datafield tag="610" ind1="2" ind2="0">
            <marc:subfield code="a">Trinity College (Randolph County, N.C.)</marc:subfield>
        </marc:datafield>
    </marc:record>