
    <marc:record>
        <marc:leader>01257npcaa2200253Ia 450 </marc:leader>
        <marc:controlfield tag="001">003963515</marc:controlfield>
        <marc:controlfield tag="005">20080512150755.0</marc:controlfield>
        <marc:controlfield tag="008">080512i17121983ncu                 eng d</marc:controlfield>
        <marc:datafield tag="035" ind1=" " ind2=" ">
            <marc:subfield code="a">227815677</marc:subfield>
        </marc:datafield>
        <marc:datafield tag="040" ind1=" " ind2=" ">
            <marc:subfield code="a">NDD</marc:subfield>
            <marc:subfield code="e">dacs</marc:subfield>
            <marc:subfield code="c">NDD</marc:subfield>
        </marc:datafield>
        <marc:datafield tag="049" ind1=" " ind2=" ">
            <marc:subfield code="a">NDH6</marc:subfield>
        </marc:datafield>
        <marc:datafield tag="100" ind1="1" ind2=" ">
            <marc:subfield code="a">Boyce, Benjamin,</marc:subfield>
            <marc:subfield code="d">1903-1997.</marc:subfield>
        </marc:datafield>
        <marc:datafield tag="245" ind1="1" ind2="0">
            <marc:subfield code="a">Papers,</marc:subfield>
            <marc:subfield code="f">1712-1983.</marc:subfield>
        </marc:datafield>
        <marc:datafield tag="300" ind1=" " ind2=" ">
            <marc:subfield code="a">74</marc:subfield>
            <marc:subfield code="f">items (1 folder)</marc:subfield>
        </marc:datafield>
        <marc:datafield tag="545" ind1=" " ind2=" ">
            <marc:subfield code="a">Benjamin Boyce was an English professor at Duke University.</marc:subfield>
        </marc:datafield>
        <marc:datafield tag="520" ind1="8" ind2=" ">
            <marc:subfield code="a">The papers contain an exchange of scholarly correspondence between Boyce and Anthony Blunt, one time Curator of Queen Elizabeth's art collection. Also included is a clipping detailing Blunt's past as a Soviet spy and a clipping of Blunt's obituary. The papers also include transcripts of letters written by Ralph Allen (1693-1764) of Bath, England and a 1977 Presidential Inaugural Invitation and Guide [Jimmy Carter]. The collection ranges in date from 1712-1983.</marc:subfield>
        </marc:datafield>
        <marc:datafield tag="541" ind1=" " ind2=" ">
            <marc:subfield code="a">.</marc:subfield>
            <marc:subfield code="c">Transfer;</marc:subfield>
            <marc:subfield code="d">1981, 1983.</marc:subfield>
        </marc:datafield>
        <marc:datafield tag="590" ind1=" " ind2=" ">
            <marc:subfield code="a">*kds 20080512</marc:subfield>
        </marc:datafield>
        <marc:datafield tag="600" ind1="1" ind2="0">
            <marc:subfield code="a">Boyce, Benjamin,</marc:subfield>
            <marc:subfield code="d">1903-1997.</marc:subfield>
        </marc:datafield>
        <marc:datafield tag="600" ind1="1" ind2="0">
            <marc:subfield code="a">Blunt, Anthony,</marc:subfield>
            <marc:subfield code="d">1907-1983.</marc:subfield>
        </marc:datafield>
        <marc:datafield tag="600" ind1="1" ind2="0">
            <marc:subfield code="a">Allen, Ralph,</marc:subfield>
            <marc:subfield code="d">approximately 1693-1764.</marc:subfield>
        </marc:datafield>
        <marc:datafield tag="650" ind1=" " ind2="0">
            <marc:subfield code="a">Presidents</marc:subfield>
            <marc:subfield code="z">United States</marc:subfield>
            <marc:subfield code="x">Inauguration.</marc:subfield>
        </marc:datafield>
        <marc:datafield tag="700" ind1="1" ind2=" ">
            <marc:subfield code="a">Blunt, Anthony,</marc:subfield>
            <marc:subfield code="d">1907-1983.</marc:subfield>
        </marc:datafield>
        <marc:datafield tag="700" ind1="1" ind2=" ">
            <marc:subfield code="a">Allen, Ralph,</marc:subfield>
            <marc:subfield code="d">approximately 1693-1764.</marc:subfield>
        </marc:datafield>
    </marc:record>