
    <marc:record>
        <marc:leader>00826npcaa2200205Ia 450 </marc:leader>
        <marc:controlfield tag="001">003963520</marc:controlfield>
        <marc:controlfield tag="005">20080512151631.0</marc:controlfield>
        <marc:controlfield tag="008">080512s1973    ncu                 eng d</marc:controlfield>
        <marc:datafield tag="035" ind1=" " ind2=" ">
            <marc:subfield code="a">227816235</marc:subfield>
        </marc:datafield>
        <marc:datafield tag="040" ind1=" " ind2=" ">
            <marc:subfield code="a">NDD</marc:subfield>
            <marc:subfield code="e">dacs</marc:subfield>
            <marc:subfield code="c">NDD</marc:subfield>
        </marc:datafield>
        <marc:datafield tag="049" ind1=" " ind2=" ">
            <marc:subfield code="a">NDH6</marc:subfield>
        </marc:datafield>
        <marc:datafield tag="100" ind1="1" ind2=" ">
            <marc:subfield code="a">Boyd, Julian P.</marc:subfield>
            <marc:subfield code="q">(Julian Parks),</marc:subfield>
            <marc:subfield code="d">1903-1980.</marc:subfield>
        </marc:datafield>
        <marc:datafield tag="245" ind1="1" ind2="0">
            <marc:subfield code="a">Speech,</marc:subfield>
            <marc:subfield code="f">1973.</marc:subfield>
        </marc:datafield>
        <marc:datafield tag="300" ind1=" " ind2=" ">
            <marc:subfield code="a">1</marc:subfield>
            <marc:subfield code="f">item (1 folder)</marc:subfield>
        </marc:datafield>
        <marc:datafield tag="520" ind1="8" ind2=" ">
            <marc:subfield code="a">Typewritten copy of speech delivered by Julian P. Boyd at the retirement dinner in honor of Wesley Frank Craven, Princeton University, May 4, 1973. Boyd tells of their friendship as students at Trinity College in the early 1920s.</marc:subfield>
        </marc:datafield>
        <marc:datafield tag="541" ind1=" " ind2=" ">
            <marc:subfield code="a">.</marc:subfield>
            <marc:subfield code="c">Transfer;</marc:subfield>
            <marc:subfield code="d">1974.</marc:subfield>
        </marc:datafield>
        <marc:datafield tag="590" ind1=" " ind2=" ">
            <marc:subfield code="a">*kds 20080512</marc:subfield>
        </marc:datafield>
        <marc:datafield tag="600" ind1="1" ind2="0">
            <marc:subfield code="a">Boyd, Julian P.</marc:subfield>
            <marc:subfield code="q">(Julian Parks),</marc:subfield>
            <marc:subfield code="d">1903-1980.</marc:subfield>
        </marc:datafield>
        <marc:datafield tag="600" ind1="1" ind2="0">
            <marc:subfield code="a">Craven, Wesley Frank,</marc:subfield>
            <marc:subfield code="d">1905-1981.</marc:subfield>
        </marc:datafield>
        <marc:datafield tag="610" ind1="2" ind2="0">
            <marc:subfield code="a">Trinity College (Durham, N.C.)</marc:subfield>
            <marc:subfield code="x">Alumni and alumnae.</marc:subfield>
        </marc:datafield>
    </marc:record>