
    <marc:record>
        <marc:leader>01135npcaa2200253Ia 4500</marc:leader>
        <marc:controlfield tag="001">003963580</marc:controlfield>
        <marc:controlfield tag="005">20080513095836.0</marc:controlfield>
        <marc:controlfield tag="008">080513i19181920ncu                 eng d</marc:controlfield>
        <marc:datafield tag="035" ind1=" " ind2=" ">
            <marc:subfield code="a">227996799</marc:subfield>
        </marc:datafield>
        <marc:datafield tag="040" ind1=" " ind2=" ">
            <marc:subfield code="a">NDD</marc:subfield>
            <marc:subfield code="e">dacs</marc:subfield>
            <marc:subfield code="c">NDD</marc:subfield>
        </marc:datafield>
        <marc:datafield tag="049" ind1=" " ind2=" ">
            <marc:subfield code="a">NDH6</marc:subfield>
        </marc:datafield>
        <marc:datafield tag="100" ind1="1" ind2=" ">
            <marc:subfield code="a">Bullard, Lucille M.</marc:subfield>
        </marc:datafield>
        <marc:datafield tag="245" ind1="1" ind2="0">
            <marc:subfield code="a">Papers,</marc:subfield>
            <marc:subfield code="f">1918-1920.</marc:subfield>
        </marc:datafield>
        <marc:datafield tag="300" ind1=" " ind2=" ">
            <marc:subfield code="a">102</marc:subfield>
            <marc:subfield code="f">items (1 folder)</marc:subfield>
        </marc:datafield>
        <marc:datafield tag="545" ind1=" " ind2=" ">
            <marc:subfield code="a">Lucille Bullard directed the Trinity Alumnae War Work campaign, which raised money to support Red Cross activities in Europe.</marc:subfield>
        </marc:datafield>
        <marc:datafield tag="520" ind1="8" ind2=" ">
            <marc:subfield code="a">Includes correspondence from individuals as well as the Trinity College Alumnae Association and War Work Committee. Also includes a photograph indicating the extent of war damage in Europe. An enclosed bank statement indicates that well over $1000 was raised during the campaign.</marc:subfield>
        </marc:datafield>
        <marc:datafield tag="541" ind1=" " ind2=" ">
            <marc:subfield code="a">.</marc:subfield>
            <marc:subfield code="c">Unknown.</marc:subfield>
        </marc:datafield>
        <marc:datafield tag="590" ind1=" " ind2=" ">
            <marc:subfield code="a">*kds 20080513</marc:subfield>
        </marc:datafield>
        <marc:datafield tag="600" ind1="1" ind2="0">
            <marc:subfield code="a">Bullard, Lucille M.</marc:subfield>
        </marc:datafield>
        <marc:datafield tag="610" ind1="2" ind2="0">
            <marc:subfield code="a">Trinity College (Durham, N.C.)</marc:subfield>
            <marc:subfield code="x">Alumnae Association.</marc:subfield>
        </marc:datafield>
        <marc:datafield tag="610" ind1="2" ind2="0">
            <marc:subfield code="a">Trinity College (Durham, N.C.)</marc:subfield>
            <marc:subfield code="x">Alumnae War Work.</marc:subfield>
        </marc:datafield>
        <marc:datafield tag="610" ind1="2" ind2="0">
            <marc:subfield code="a">Trinity College (Durham, N.C.)</marc:subfield>
            <marc:subfield code="x">Alumnae War Work Committee.</marc:subfield>
        </marc:datafield>
        <marc:datafield tag="610" ind1="2" ind2="0">
            <marc:subfield code="a">American Red Cross.</marc:subfield>
        </marc:datafield>
        <marc:datafield tag="650" ind1=" " ind2="0">
            <marc:subfield code="a">World War, 1914-1918.</marc:subfield>
        </marc:datafield>
    </marc:record>