
    <marc:record>
        <marc:leader>01438npcaa2200265Ia 450 </marc:leader>
        <marc:controlfield tag="001">003964171</marc:controlfield>
        <marc:controlfield tag="005">20080515095417.0</marc:controlfield>
        <marc:controlfield tag="008">080515i19271954ncu                 eng d</marc:controlfield>
        <marc:datafield tag="035" ind1=" " ind2=" ">
            <marc:subfield code="a">228098984</marc:subfield>
        </marc:datafield>
        <marc:datafield tag="040" ind1=" " ind2=" ">
            <marc:subfield code="a">NDD</marc:subfield>
            <marc:subfield code="e">dacs</marc:subfield>
            <marc:subfield code="c">NDD</marc:subfield>
        </marc:datafield>
        <marc:datafield tag="049" ind1=" " ind2=" ">
            <marc:subfield code="a">NDH6</marc:subfield>
        </marc:datafield>
        <marc:datafield tag="100" ind1="1" ind2=" ">
            <marc:subfield code="a">Childs, Benjamin Guy.</marc:subfield>
        </marc:datafield>
        <marc:datafield tag="245" ind1="1" ind2="0">
            <marc:subfield code="a">Papers,</marc:subfield>
            <marc:subfield code="f">1927-1954.</marc:subfield>
        </marc:datafield>
        <marc:datafield tag="300" ind1=" " ind2=" ">
            <marc:subfield code="a">52</marc:subfield>
            <marc:subfield code="f">items (1 folder)</marc:subfield>
        </marc:datafield>
        <marc:datafield tag="545" ind1=" " ind2=" ">
            <marc:subfield code="a">Benjamin Childs was a professor in the Dept. of Education at Duke University from 1924-1957. He was born in Atlanta, GA and educated at Young Harris College and the University of Virginia. Prior to coming to Duke, he worked in school systems in Georgia and South Carolina and headed the Dept. of Education at Randolph-Macon College. He was active in the Methodist Church.</marc:subfield>
        </marc:datafield>
        <marc:datafield tag="520" ind1="8" ind2=" ">
            <marc:subfield code="a">Contents include correspondence, a course syllabus, observation report on a student-teacher, memoranda, and other materials concerning Phi Delta Theta, and the Junaluska Summer School (Lake Junaluska). Correspondents include Paul N. Garber, A. S. Pearse, and W. A. Brownell.</marc:subfield>
        </marc:datafield>
        <marc:datafield tag="541" ind1=" " ind2=" ">
            <marc:subfield code="a">.</marc:subfield>
            <marc:subfield code="c">Transfer;</marc:subfield>
            <marc:subfield code="d">1977.</marc:subfield>
        </marc:datafield>
        <marc:datafield tag="590" ind1=" " ind2=" ">
            <marc:subfield code="a">*kds 20080515</marc:subfield>
        </marc:datafield>
        <marc:datafield tag="600" ind1="1" ind2="0">
            <marc:subfield code="a">Childs, Benjamin Guy.</marc:subfield>
        </marc:datafield>
        <marc:datafield tag="600" ind1="1" ind2="0">
            <marc:subfield code="a">Garber, Paul N.</marc:subfield>
            <marc:subfield code="q">(Paul Neff),</marc:subfield>
            <marc:subfield code="d">1899-1972.</marc:subfield>
        </marc:datafield>
        <marc:datafield tag="600" ind1="1" ind2="0">
            <marc:subfield code="a">Brownell, William A.</marc:subfield>
            <marc:subfield code="q">(William Arthur),</marc:subfield>
            <marc:subfield code="d">1895-1977.</marc:subfield>
        </marc:datafield>
        <marc:datafield tag="600" ind1="1" ind2="0">
            <marc:subfield code="a">Pearse, A. S.</marc:subfield>
            <marc:subfield code="q">(Arthur Sperry),</marc:subfield>
            <marc:subfield code="d">1877-1956.</marc:subfield>
        </marc:datafield>
        <marc:datafield tag="610" ind1="2" ind2="0">
            <marc:subfield code="a">Phi Delta Theta Fraternity.</marc:subfield>
        </marc:datafield>
        <marc:datafield tag="610" ind1="2" ind2="0">
            <marc:subfield code="a">Duke University.</marc:subfield>
            <marc:subfield code="b">Department of Education</marc:subfield>
            <marc:subfield code="x">Faculty.</marc:subfield>
        </marc:datafield>
        <marc:datafield tag="651" ind1=" " ind2="0">
            <marc:subfield code="a">Lake Junaluska (N.C.)</marc:subfield>
        </marc:datafield>
    </marc:record>