
    <marc:record>
        <marc:leader>01577cpcaa2200253Ia 4500</marc:leader>
        <marc:controlfield tag="001">003970179</marc:controlfield>
        <marc:controlfield tag="005">20140220105241.0</marc:controlfield>
        <marc:controlfield tag="008">080529i19131968ncu                 eng d</marc:controlfield>
        <marc:datafield tag="035" ind1=" " ind2=" ">
            <marc:subfield code="a">229341435</marc:subfield>
        </marc:datafield>
        <marc:datafield tag="040" ind1=" " ind2=" ">
            <marc:subfield code="a">NDD</marc:subfield>
            <marc:subfield code="b">eng</marc:subfield>
            <marc:subfield code="e">dacs</marc:subfield>
            <marc:subfield code="c">NDD</marc:subfield>
            <marc:subfield code="d">OCLCG</marc:subfield>
            <marc:subfield code="d">OCLCQ</marc:subfield>
            <marc:subfield code="d">NDD</marc:subfield>
        </marc:datafield>
        <marc:datafield tag="049" ind1=" " ind2=" ">
            <marc:subfield code="a">NDDP</marc:subfield>
        </marc:datafield>
        <marc:datafield tag="100" ind1="1" ind2=" ">
            <marc:subfield code="a">Peppler, Charles William,</marc:subfield>
            <marc:subfield code="d">1872-</marc:subfield>
        </marc:datafield>
        <marc:datafield tag="245" ind1="1" ind2="0">
            <marc:subfield code="a">Charles William Peppler papers,</marc:subfield>
            <marc:subfield code="f">1913-1946, 1968.</marc:subfield>
        </marc:datafield>
        <marc:datafield tag="300" ind1=" " ind2=" ">
            <marc:subfield code="a">66</marc:subfield>
            <marc:subfield code="f">items</marc:subfield>
        </marc:datafield>
        <marc:datafield tag="545" ind1=" " ind2=" ">
            <marc:subfield code="a">Peppler was a Professor of Greek at Trinity College and Duke University.</marc:subfield>
        </marc:datafield>
        <marc:datafield tag="520" ind1="8" ind2=" ">
            <marc:subfield code="a">Correspondence which includes letters Peppler wrote to his parents in Baltimore while he and Mrs. Peppler were traveling abroad. They are largely travelogs written on shipboard and in several European cities. A letter dated 6 May 1928 states that James B. Duke died of pernicious anemia. There is also correspondence between Peppler and Dr. Luther Stirewalt, then a graduate student working under Peppler. The letters show insight into the teaching methodology used by classics professors and into the life of a classics graduate student. The papers of 1968 consist of a letter from a sister of Peppler, Mrs. M.S. Porter; a memorial sketch of Dr. Peppler, and one page of genealogy from Volume 5 of the First Families of America.</marc:subfield>
        </marc:datafield>
        <marc:datafield tag="541" ind1=" " ind2=" ">
            <marc:subfield code="c">Transfer;</marc:subfield>
            <marc:subfield code="d">1968, 1982.</marc:subfield>
        </marc:datafield>
        <marc:datafield tag="590" ind1=" " ind2=" ">
            <marc:subfield code="a">*kds 20080529</marc:subfield>
        </marc:datafield>
        <marc:datafield tag="600" ind1="1" ind2="0">
            <marc:subfield code="a">Peppler, Charles William,</marc:subfield>
            <marc:subfield code="d">1872-</marc:subfield>
        </marc:datafield>
        <marc:datafield tag="600" ind1="1" ind2="0">
            <marc:subfield code="a">Stirewalt, M. Luther,</marc:subfield>
            <marc:subfield code="d">1913-</marc:subfield>
        </marc:datafield>
        <marc:datafield tag="610" ind1="2" ind2="0">
            <marc:subfield code="a">Duke University.</marc:subfield>
            <marc:subfield code="b">Department of Classical Studies.</marc:subfield>
        </marc:datafield>
        <marc:datafield tag="610" ind1="2" ind2="0">
            <marc:subfield code="a">Duke University</marc:subfield>
            <marc:subfield code="x">Faculty.</marc:subfield>
        </marc:datafield>
        <marc:datafield tag="610" ind1="2" ind2="0">
            <marc:subfield code="a">Duke University</marc:subfield>
            <marc:subfield code="x">Graduate students.</marc:subfield>
        </marc:datafield>
        <marc:datafield tag="700" ind1="1" ind2=" ">
            <marc:subfield code="a">Stirewalt, M. Luther,</marc:subfield>
            <marc:subfield code="d">1913-</marc:subfield>
        </marc:datafield>
    </marc:record>