
    <marc:record>
        <marc:leader>00819npcaa2200205Ia 450 </marc:leader>
        <marc:controlfield tag="001">003973343</marc:controlfield>
        <marc:controlfield tag="005">20080606140724.0</marc:controlfield>
        <marc:controlfield tag="008">080606i19621965ncu                 eng d</marc:controlfield>
        <marc:datafield tag="035" ind1=" " ind2=" ">
            <marc:subfield code="a">230941629</marc:subfield>
        </marc:datafield>
        <marc:datafield tag="040" ind1=" " ind2=" ">
            <marc:subfield code="a">NDD</marc:subfield>
            <marc:subfield code="e">dacs</marc:subfield>
            <marc:subfield code="c">NDD</marc:subfield>
        </marc:datafield>
        <marc:datafield tag="049" ind1=" " ind2=" ">
            <marc:subfield code="a">NDH6</marc:subfield>
        </marc:datafield>
        <marc:datafield tag="100" ind1="1" ind2=" ">
            <marc:subfield code="a">Ropp, Theodore,</marc:subfield>
            <marc:subfield code="d">1911-2000.</marc:subfield>
        </marc:datafield>
        <marc:datafield tag="245" ind1="1" ind2="0">
            <marc:subfield code="a">Papers,</marc:subfield>
            <marc:subfield code="f">1962, 1965.</marc:subfield>
        </marc:datafield>
        <marc:datafield tag="300" ind1=" " ind2=" ">
            <marc:subfield code="a">7</marc:subfield>
            <marc:subfield code="f">items (1 folder)</marc:subfield>
        </marc:datafield>
        <marc:datafield tag="545" ind1=" " ind2=" ">
            <marc:subfield code="a">Ropp was a professor in the Dept. of History at Duke University. He taught military history.</marc:subfield>
        </marc:datafield>
        <marc:datafield tag="520" ind1="8" ind2=" ">
            <marc:subfield code="a">Includes &quot;Dictionary for Military Historians,&quot; &quot;Additional Comments,&quot; &quot;Freshmen Historians?,&quot; &quot;Remarks on Historical Pedagogy,&quot; and &quot;Encyclopedias,&quot; all written by Ropp as well as &quot;Looking for the Civil War,&quot; by Jay Luvaas.</marc:subfield>
        </marc:datafield>
        <marc:datafield tag="541" ind1=" " ind2=" ">
            <marc:subfield code="a">.</marc:subfield>
            <marc:subfield code="c">Transfer;</marc:subfield>
            <marc:subfield code="d">1962, 1965.</marc:subfield>
        </marc:datafield>
        <marc:datafield tag="590" ind1=" " ind2=" ">
            <marc:subfield code="a">*kds 20080606</marc:subfield>
        </marc:datafield>
        <marc:datafield tag="600" ind1="1" ind2="0">
            <marc:subfield code="a">Ropp, Theodore,</marc:subfield>
            <marc:subfield code="d">1911-2000.</marc:subfield>
        </marc:datafield>
        <marc:datafield tag="600" ind1="1" ind2="0">
            <marc:subfield code="a">Luvaas, Jay.</marc:subfield>
        </marc:datafield>
    </marc:record>