
    <marc:record>
        <marc:leader>01244npcaa2200229Ia 4500</marc:leader>
        <marc:controlfield tag="001">003973913</marc:controlfield>
        <marc:controlfield tag="005">20080609151250.0</marc:controlfield>
        <marc:controlfield tag="008">080609i19381978ncu                 eng d</marc:controlfield>
        <marc:datafield tag="035" ind1=" " ind2=" ">
            <marc:subfield code="a">231407048</marc:subfield>
        </marc:datafield>
        <marc:datafield tag="040" ind1=" " ind2=" ">
            <marc:subfield code="a">NDD</marc:subfield>
            <marc:subfield code="e">dacs</marc:subfield>
            <marc:subfield code="c">NDD</marc:subfield>
        </marc:datafield>
        <marc:datafield tag="049" ind1=" " ind2=" ">
            <marc:subfield code="a">NDH6</marc:subfield>
        </marc:datafield>
        <marc:datafield tag="100" ind1="1" ind2=" ">
            <marc:subfield code="a">Seeman, Ernest,</marc:subfield>
            <marc:subfield code="d">1886-1979.</marc:subfield>
        </marc:datafield>
        <marc:datafield tag="245" ind1="1" ind2="0">
            <marc:subfield code="a">Papers,</marc:subfield>
            <marc:subfield code="f">1938-1978</marc:subfield>
            <marc:subfield code="g">(bulk 1956-1960).</marc:subfield>
        </marc:datafield>
        <marc:datafield tag="300" ind1=" " ind2=" ">
            <marc:subfield code="a">139</marc:subfield>
            <marc:subfield code="f">items (4 folders)</marc:subfield>
        </marc:datafield>
        <marc:datafield tag="545" ind1=" " ind2=" ">
            <marc:subfield code="a">Seeman served as manager of the Duke University Press from 1926-1934.</marc:subfield>
        </marc:datafield>
        <marc:datafield tag="520" ind1="8" ind2=" ">
            <marc:subfield code="a">Seeman wrote a book on Duke, the Duke family and Durham entitled AMERICAN GOLD. It is most likely that the correspondence in this collection was written to ferret out information for that volume, but there is other material included as well. Some of Seeman's concerns were drinking and dissoluteness among college students in the late 1950s; the role of fraternities; the connection between tobacco, cigarettes, cancer and the North Carolina economy, education and big business. The material ranges in date from 1938-1978, with the bulk dated between 1956-1960.</marc:subfield>
        </marc:datafield>
        <marc:datafield tag="541" ind1=" " ind2=" ">
            <marc:subfield code="a">.</marc:subfield>
            <marc:subfield code="c">Transfer;</marc:subfield>
            <marc:subfield code="d">1983.</marc:subfield>
        </marc:datafield>
        <marc:datafield tag="590" ind1=" " ind2=" ">
            <marc:subfield code="a">*kds 20080606</marc:subfield>
        </marc:datafield>
        <marc:datafield tag="600" ind1="1" ind2="0">
            <marc:subfield code="a">Seeman, Ernest,</marc:subfield>
            <marc:subfield code="d">1886-1979.</marc:subfield>
        </marc:datafield>
        <marc:datafield tag="630" ind1="0" ind2="0">
            <marc:subfield code="a">American Gold.</marc:subfield>
        </marc:datafield>
        <marc:datafield tag="610" ind1="2" ind2="0">
            <marc:subfield code="a">Duke University</marc:subfield>
            <marc:subfield code="x">Public opinion.</marc:subfield>
        </marc:datafield>
        <marc:datafield tag="600" ind1="3" ind2="0">
            <marc:subfield code="a">Duke family</marc:subfield>
            <marc:subfield code="x">Public opinion.</marc:subfield>
        </marc:datafield>
    </marc:record>