
    <marc:record>
        <marc:leader>01477npcaa2200241Ia 450 </marc:leader>
        <marc:controlfield tag="001">003975456</marc:controlfield>
        <marc:controlfield tag="005">20080616110633.0</marc:controlfield>
        <marc:controlfield tag="008">080616i19071964ncu                 eng d</marc:controlfield>
        <marc:datafield tag="035" ind1=" " ind2=" ">
            <marc:subfield code="a">232114208</marc:subfield>
        </marc:datafield>
        <marc:datafield tag="040" ind1=" " ind2=" ">
            <marc:subfield code="a">NDD</marc:subfield>
            <marc:subfield code="e">dacs</marc:subfield>
            <marc:subfield code="c">NDD</marc:subfield>
        </marc:datafield>
        <marc:datafield tag="049" ind1=" " ind2=" ">
            <marc:subfield code="a">NDH6</marc:subfield>
        </marc:datafield>
        <marc:datafield tag="100" ind1="1" ind2=" ">
            <marc:subfield code="a">Webb, Albert Micajah,</marc:subfield>
            <marc:subfield code="d">1877-1965.</marc:subfield>
        </marc:datafield>
        <marc:datafield tag="245" ind1="1" ind2="0">
            <marc:subfield code="a">Papers,</marc:subfield>
            <marc:subfield code="f">1907-1964.</marc:subfield>
        </marc:datafield>
        <marc:datafield tag="300" ind1=" " ind2=" ">
            <marc:subfield code="a">27</marc:subfield>
            <marc:subfield code="f">items (1 folder)</marc:subfield>
        </marc:datafield>
        <marc:datafield tag="545" ind1=" " ind2=" ">
            <marc:subfield code="a">Educator, professor of Romance Languages at Trinity College/Duke University from 1903-1947. He was decorated by the French government in recognition of his work in teaching the French language and literature.</marc:subfield>
        </marc:datafield>
        <marc:datafield tag="520" ind1="8" ind2=" ">
            <marc:subfield code="a">Correspondence, printed material, stock certificates, clippings, reports, manuscripts, and other papers. The collection includes materials related to Duke Library's 1927 purchase of the Gustave Lanson Library; stock certificates for the South Atlantic Publishing Company (early publisher of the South Atlantic Quarterly), correspondence and notes of Prof. Webb concerning his retirement, a 1912 lecture by him, reports on the Dept. of Romance Languages (1944/45, 1946/47), and a pamphlet on the Duke Summer School in France (1921). A few items are in French.</marc:subfield>
        </marc:datafield>
        <marc:datafield tag="541" ind1=" " ind2=" ">
            <marc:subfield code="a">.</marc:subfield>
            <marc:subfield code="c">Transfer;</marc:subfield>
            <marc:subfield code="d">1960-1961, 1963-1964.</marc:subfield>
        </marc:datafield>
        <marc:datafield tag="590" ind1=" " ind2=" ">
            <marc:subfield code="a">*kds 20080616</marc:subfield>
        </marc:datafield>
        <marc:datafield tag="600" ind1="1" ind2="0">
            <marc:subfield code="a">Webb, Albert Micajah,</marc:subfield>
            <marc:subfield code="d">1877-1965.</marc:subfield>
        </marc:datafield>
        <marc:datafield tag="600" ind1="1" ind2="0">
            <marc:subfield code="a">Lanson, Gustave,</marc:subfield>
            <marc:subfield code="d">1857-1934</marc:subfield>
            <marc:subfield code="x">Library.</marc:subfield>
        </marc:datafield>
        <marc:datafield tag="610" ind1="2" ind2="0">
            <marc:subfield code="a">Duke University</marc:subfield>
            <marc:subfield code="x">Faculty.</marc:subfield>
        </marc:datafield>
        <marc:datafield tag="610" ind1="2" ind2="0">
            <marc:subfield code="a">Duke University.</marc:subfield>
            <marc:subfield code="b">Department of Romance Languages.</marc:subfield>
        </marc:datafield>
        <marc:datafield tag="610" ind1="2" ind2="0">
            <marc:subfield code="a">South Atlantic Publishing Company.</marc:subfield>
        </marc:datafield>
    </marc:record>