
    <marc:record>
        <marc:leader>01257npcaa2200229Ia 4500</marc:leader>
        <marc:controlfield tag="001">003975517</marc:controlfield>
        <marc:controlfield tag="005">20080616122901.0</marc:controlfield>
        <marc:controlfield tag="008">080616i18571883ncu                 eng d</marc:controlfield>
        <marc:datafield tag="035" ind1=" " ind2=" ">
            <marc:subfield code="a">232115633</marc:subfield>
        </marc:datafield>
        <marc:datafield tag="040" ind1=" " ind2=" ">
            <marc:subfield code="a">NDD</marc:subfield>
            <marc:subfield code="e">dacs</marc:subfield>
            <marc:subfield code="c">NDD</marc:subfield>
        </marc:datafield>
        <marc:datafield tag="049" ind1=" " ind2=" ">
            <marc:subfield code="a">NDH6</marc:subfield>
        </marc:datafield>
        <marc:datafield tag="100" ind1="1" ind2=" ">
            <marc:subfield code="a">Womble, Eugene W.</marc:subfield>
        </marc:datafield>
        <marc:datafield tag="245" ind1="1" ind2="0">
            <marc:subfield code="a">Sermon Books Collection,</marc:subfield>
            <marc:subfield code="f">1857-1883.</marc:subfield>
        </marc:datafield>
        <marc:datafield tag="300" ind1=" " ind2=" ">
            <marc:subfield code="a">3</marc:subfield>
            <marc:subfield code="f">items (1 folder)</marc:subfield>
        </marc:datafield>
        <marc:datafield tag="520" ind1="8" ind2=" ">
            <marc:subfield code="a">Three volumes of sermons: &quot;Sketch Book&quot; of sermons, handwritten, title page reads &quot;Johnson, Duplin Circuit, NC Conf., July 22, 1857.&quot; Includes transcribed hymn, &quot;Land of Rest,&quot; at the back of the book; volume of sermons, handwritten, flyleaf reads &quot;Sermons and Sketches, Trinity College, NC, Oct. 11, 1870;&quot; &quot;Twelve Sermons for Inquirers Delivered at the Metropolitan Tabernacle&quot; by C. H. Spurgeon, circa-1883. One volume is inscribed &quot;Gift of Prof. L. Johnson.&quot; Professor Lemuel Johnson, class of 1853, was a professor of mathematics at Trinity College.</marc:subfield>
        </marc:datafield>
        <marc:datafield tag="541" ind1=" " ind2=" ">
            <marc:subfield code="a">.</marc:subfield>
            <marc:subfield code="c">Transfer;</marc:subfield>
            <marc:subfield code="d">2000.</marc:subfield>
        </marc:datafield>
        <marc:datafield tag="590" ind1=" " ind2=" ">
            <marc:subfield code="a">*kds 20080616</marc:subfield>
        </marc:datafield>
        <marc:datafield tag="600" ind1="1" ind2="0">
            <marc:subfield code="a">Womble, Eugene W.</marc:subfield>
        </marc:datafield>
        <marc:datafield tag="600" ind1="1" ind2="0">
            <marc:subfield code="a">Spurgeon, C. H.</marc:subfield>
            <marc:subfield code="q">(Charles Haddon),</marc:subfield>
            <marc:subfield code="d">1834-1892.</marc:subfield>
        </marc:datafield>
        <marc:datafield tag="610" ind1="2" ind2="0">
            <marc:subfield code="a">Trinity College (Randolph County, N.C.)</marc:subfield>
        </marc:datafield>
        <marc:datafield tag="650" ind1=" " ind2="0">
            <marc:subfield code="a">Sermons, American</marc:subfield>
            <marc:subfield code="y">19th century.</marc:subfield>
        </marc:datafield>
        <marc:datafield tag="630" ind1="0" ind2="0">
            <marc:subfield code="a">Twelve Sermons for Inquirers Delivered at the Metropolitan Tabernacle.</marc:subfield>
        </marc:datafield>
    </marc:record>