
    <marc:record>
        <marc:leader>00744npm a22001455a 4500</marc:leader>
        <marc:controlfield tag="001">003996679</marc:controlfield>
        <marc:controlfield tag="005">20120912152515.0</marc:controlfield>
        <marc:controlfield tag="008">080829i19892007ncu|||||||||||||| ||eng|d</marc:controlfield>
        <marc:datafield tag="100" ind1="1" ind2=" ">
            <marc:subfield code="a">Fish, Peter Graham.</marc:subfield>
        </marc:datafield>
        <marc:datafield tag="245" ind1="1" ind2="0">
            <marc:subfield code="a">Peter G. Fish papers,</marc:subfield>
            <marc:subfield code="f">1989-2007.</marc:subfield>
        </marc:datafield>
        <marc:datafield tag="300" ind1=" " ind2=" ">
            <marc:subfield code="a">500</marc:subfield>
            <marc:subfield code="f">items (1 box)</marc:subfield>
        </marc:datafield>
        <marc:datafield tag="500" ind1=" " ind2=" ">
            <marc:subfield code="a">TEMPORARY RECORD</marc:subfield>
        </marc:datafield>
        <marc:datafield tag="500" ind1=" " ind2=" ">
            <marc:subfield code="a">UNPROCESSED - MAY CONTAIN RESTRICTED MATERIAL</marc:subfield>
        </marc:datafield>
        <marc:datafield tag="520" ind1="8" ind2=" ">
            <marc:subfield code="a">Accession contains printed materials on the following topics: 1996-1997 Committee on Curriculum Annual Report; memorandum regarding grade changes; same sex unions in the Duke University Chapel; 1989 final report of the Committee on Advising, and 1996 Political Science Department retreat.</marc:subfield>
        </marc:datafield>
        <marc:datafield tag="545" ind1=" " ind2=" ">
            <marc:subfield code="a">Pete G. Fish is a professor of Political Science and Law at Duke University.</marc:subfield>
        </marc:datafield>
    </marc:record>