
    <marc:record>
        <marc:leader>01529npcaa2200265Ia 4500</marc:leader>
        <marc:controlfield tag="001">004170298</marc:controlfield>
        <marc:controlfield tag="005">20090518130405.0</marc:controlfield>
        <marc:controlfield tag="008">090518i19181985ncu                 eng d</marc:controlfield>
        <marc:datafield tag="035" ind1=" " ind2=" ">
            <marc:subfield code="a">325065941</marc:subfield>
        </marc:datafield>
        <marc:datafield tag="040" ind1=" " ind2=" ">
            <marc:subfield code="a">NDD</marc:subfield>
            <marc:subfield code="e">dacs</marc:subfield>
            <marc:subfield code="c">NDD</marc:subfield>
        </marc:datafield>
        <marc:datafield tag="049" ind1=" " ind2=" ">
            <marc:subfield code="a">NDH6</marc:subfield>
        </marc:datafield>
        <marc:datafield tag="100" ind1="1" ind2=" ">
            <marc:subfield code="a">Thigpen, Richard Elton,</marc:subfield>
            <marc:subfield code="d">1900-</marc:subfield>
        </marc:datafield>
        <marc:datafield tag="245" ind1="1" ind2="0">
            <marc:subfield code="a">Collection,</marc:subfield>
            <marc:subfield code="f">1918-1985.</marc:subfield>
        </marc:datafield>
        <marc:datafield tag="300" ind1=" " ind2=" ">
            <marc:subfield code="a">44</marc:subfield>
            <marc:subfield code="f">items</marc:subfield>
        </marc:datafield>
        <marc:datafield tag="545" ind1=" " ind2=" ">
            <marc:subfield code="a">Richard Elton Thigpen was born in Wilmingtin, NC in 1900. He graduated from Trinity College (Durham, NC) in 1922 and an AB degree and received a law degree from Trinity College in 1923. He served almost 20 years as a Trustee of Duke University, including the transition period from Trinity College to Duke University.</marc:subfield>
        </marc:datafield>
        <marc:datafield tag="520" ind1="8" ind2=" ">
            <marc:subfield code="a">Collection includes correspondence, with subjects including Terry Sanford's retirement and the Nixon Library controversy, as well as class reunion booklets, programs for the Hesperian Literary Society's annual celebration in 1919, a program for the Annual Intersociety Debate, and course programs for the SATC program at Trinity College, 1918-1919. The collection ranges in date from 1918-1985.</marc:subfield>
        </marc:datafield>
        <marc:datafield tag="541" ind1=" " ind2=" ">
            <marc:subfield code="a">.</marc:subfield>
            <marc:subfield code="c">Transfer;</marc:subfield>
            <marc:subfield code="d">2003.</marc:subfield>
        </marc:datafield>
        <marc:datafield tag="555" ind1="8" ind2=" ">
            <marc:subfield code="a">Inventory in repository and on the web.</marc:subfield>
        </marc:datafield>
        <marc:datafield tag="590" ind1=" " ind2=" ">
            <marc:subfield code="a">*kds 20090518</marc:subfield>
        </marc:datafield>
        <marc:datafield tag="590" ind1=" " ind2=" ">
            <marc:subfield code="a">*kds 20090518</marc:subfield>
        </marc:datafield>
        <marc:datafield tag="600" ind1="1" ind2="0">
            <marc:subfield code="a">Thigpen, Richard Elton,</marc:subfield>
            <marc:subfield code="d">1900-</marc:subfield>
        </marc:datafield>
        <marc:datafield tag="610" ind1="2" ind2="0">
            <marc:subfield code="a">Trinity College (Durham, N.C.)</marc:subfield>
            <marc:subfield code="x">Alumni and alumnae.</marc:subfield>
        </marc:datafield>
        <marc:datafield tag="610" ind1="2" ind2="0">
            <marc:subfield code="a">Trinity College (Durham, N.C.)</marc:subfield>
            <marc:subfield code="x">Students.</marc:subfield>
        </marc:datafield>
        <marc:datafield tag="610" ind1="2" ind2="0">
            <marc:subfield code="a">Trinity College (Durham, N.C.).</marc:subfield>
            <marc:subfield code="b">Hesperian Literary Society.</marc:subfield>
        </marc:datafield>
        <marc:datafield tag="610" ind1="2" ind2="0">
            <marc:subfield code="a">Duke University.</marc:subfield>
            <marc:subfield code="b">Nixon Library Controversy.</marc:subfield>
        </marc:datafield>
    </marc:record>