
    <marc:record>
        <marc:leader>00685npm a22001455a 4500</marc:leader>
        <marc:controlfield tag="001">004207084</marc:controlfield>
        <marc:controlfield tag="005">20120912153522.0</marc:controlfield>
        <marc:controlfield tag="008">090911i19832009ncu|||||||||||||| ||eng|d</marc:controlfield>
        <marc:datafield tag="100" ind1="1" ind2=" ">
            <marc:subfield code="a">Fish, Peter Graham.</marc:subfield>
        </marc:datafield>
        <marc:datafield tag="245" ind1="1" ind2="0">
            <marc:subfield code="a">Peter G. Fish papers,</marc:subfield>
            <marc:subfield code="f">circa 1983-2009.</marc:subfield>
        </marc:datafield>
        <marc:datafield tag="300" ind1=" " ind2=" ">
            <marc:subfield code="a">1700</marc:subfield>
            <marc:subfield code="f">items (2 boxes)</marc:subfield>
        </marc:datafield>
        <marc:datafield tag="500" ind1=" " ind2=" ">
            <marc:subfield code="a">TEMPORARY RECORD</marc:subfield>
        </marc:datafield>
        <marc:datafield tag="506" ind1=" " ind2=" ">
            <marc:subfield code="a">Access restricted: contains committee files and judicial board files.</marc:subfield>
        </marc:datafield>
        <marc:datafield tag="520" ind1="8" ind2=" ">
            <marc:subfield code="a">Collection includes committee files and judicial board files, binders, a photograph and some printed material, including his own autographed copy of Timothy J. Lomperis' book &quot;From People's War to People's Rule.&quot;</marc:subfield>
        </marc:datafield>
        <marc:datafield tag="545" ind1=" " ind2=" ">
            <marc:subfield code="a">Peter Fish is a professor in the Dept. of Political Science.</marc:subfield>
        </marc:datafield>
    </marc:record>