
    <marc:record>
        <marc:leader>01182npm a22001455a 4500</marc:leader>
        <marc:controlfield tag="001">004312954</marc:controlfield>
        <marc:controlfield tag="005">20120912153802.0</marc:controlfield>
        <marc:controlfield tag="008">100420i19681970ncu|||||||||||||| ||eng|d</marc:controlfield>
        <marc:datafield tag="100" ind1="1" ind2=" ">
            <marc:subfield code="a">Hobbs, Peter Burke.</marc:subfield>
        </marc:datafield>
        <marc:datafield tag="245" ind1="1" ind2="0">
            <marc:subfield code="a">Peter B. Hobbs Collection,</marc:subfield>
            <marc:subfield code="f">circa 1968-1970.</marc:subfield>
        </marc:datafield>
        <marc:datafield tag="300" ind1=" " ind2=" ">
            <marc:subfield code="a">12</marc:subfield>
            <marc:subfield code="f">items (1 box)</marc:subfield>
        </marc:datafield>
        <marc:datafield tag="500" ind1=" " ind2=" ">
            <marc:subfield code="a">At processing, this collection should be merged with the Peter Burke Hobbs Papers, held by the Special Collections Library.</marc:subfield>
        </marc:datafield>
        <marc:datafield tag="506" ind1=" " ind2=" ">
            <marc:subfield code="a">Access restricted: unprocessed.</marc:subfield>
        </marc:datafield>
        <marc:datafield tag="520" ind1="8" ind2=" ">
            <marc:subfield code="a">Collection contains photographs, Vigil pins, Local 77 pin, armbands, and a red flag. These items were collected by Hobbs while a student at Duke University, during a time of campus unrest. The Vigil pins and Local 77 pin are likely from the Duke Silent Vigil in 1968. The red flag is supposed to have been used during the Allen Building Takeover in 1969. Armbands were likely used during both protests. Photographs are black/white images from 1970 protests/demonstrations. There is also an ink drawing dated 1969 Feb. 15 and initialed by D. M. H. It is titled &quot;[Howard] Fuller Blasts Administration.&quot;</marc:subfield>
        </marc:datafield>
        <marc:datafield tag="545" ind1=" " ind2=" ">
            <marc:subfield code="a">Peter Burke Hobbs received a BA in History from Duke in 1970 and a MA in History from Duke in 1971.</marc:subfield>
        </marc:datafield>
    </marc:record>