
    <marc:record>
        <marc:leader>01116npcaa2200205Ia 4500</marc:leader>
        <marc:controlfield tag="001">004653607</marc:controlfield>
        <marc:controlfield tag="005">20101222101931.0</marc:controlfield>
        <marc:controlfield tag="008">101130s1969    ncu                 eng d</marc:controlfield>
        <marc:datafield tag="035" ind1=" " ind2=" ">
            <marc:subfield code="a">688223592</marc:subfield>
        </marc:datafield>
        <marc:datafield tag="040" ind1=" " ind2=" ">
            <marc:subfield code="a">NDD</marc:subfield>
            <marc:subfield code="e">dacs</marc:subfield>
            <marc:subfield code="c">NDD</marc:subfield>
        </marc:datafield>
        <marc:datafield tag="049" ind1=" " ind2=" ">
            <marc:subfield code="a">NDH6</marc:subfield>
        </marc:datafield>
        <marc:datafield tag="100" ind1="1" ind2=" ">
            <marc:subfield code="a">Jackson, Harry R.</marc:subfield>
        </marc:datafield>
        <marc:datafield tag="245" ind1="1" ind2="0">
            <marc:subfield code="a">Harry Jackson papers,</marc:subfield>
            <marc:subfield code="f">1969.</marc:subfield>
        </marc:datafield>
        <marc:datafield tag="300" ind1=" " ind2=" ">
            <marc:subfield code="a">3</marc:subfield>
            <marc:subfield code="f">items</marc:subfield>
        </marc:datafield>
        <marc:datafield tag="545" ind1=" " ind2=" ">
            <marc:subfield code="a">Harry Jackson worked in the Office of Alumni Affairs at Duke University.</marc:subfield>
        </marc:datafield>
        <marc:datafield tag="520" ind1="8" ind2=" ">
            <marc:subfield code="a">Harry Jackson's account of the occupation of the Allen Building by black Duke students, the negotiations, other meetings, etc. that followed the occupation from 13 Feb.-19 March, 1969. Accompanying the account are two memoranda. Jackson provides background of the incident and decisions reached by the Administration as a result of the occupation. A copy of the account resides in the Allen Building Takeover collection.</marc:subfield>
        </marc:datafield>
        <marc:datafield tag="500" ind1=" " ind2=" ">
            <marc:subfield code="a">The original account and memoranda reside in the Small Collections, kept on-site. Please consult Archives staff for more information.</marc:subfield>
        </marc:datafield>
        <marc:datafield tag="590" ind1=" " ind2=" ">
            <marc:subfield code="a">*initials YYYYMMDD</marc:subfield>
        </marc:datafield>
        <marc:datafield tag="600" ind1="1" ind2="0">
            <marc:subfield code="a">Jackson, Harry R.</marc:subfield>
        </marc:datafield>
        <marc:datafield tag="610" ind1="2" ind2="0">
            <marc:subfield code="a">Duke University.</marc:subfield>
            <marc:subfield code="b">Allen Building Takeover.</marc:subfield>
        </marc:datafield>
    </marc:record>