
    <marc:record>
        <marc:leader>01046npcaa2200217Ia 4500</marc:leader>
        <marc:controlfield tag="001">004655514</marc:controlfield>
        <marc:controlfield tag="005">20101208114225.0</marc:controlfield>
        <marc:controlfield tag="008">101208i19381954ncu                 eng d</marc:controlfield>
        <marc:datafield tag="035" ind1=" " ind2=" ">
            <marc:subfield code="a">690636329</marc:subfield>
        </marc:datafield>
        <marc:datafield tag="040" ind1=" " ind2=" ">
            <marc:subfield code="a">NDD</marc:subfield>
            <marc:subfield code="e">dacs</marc:subfield>
            <marc:subfield code="c">NDD</marc:subfield>
        </marc:datafield>
        <marc:datafield tag="049" ind1=" " ind2=" ">
            <marc:subfield code="a">NDDP</marc:subfield>
        </marc:datafield>
        <marc:datafield tag="100" ind1="1" ind2=" ">
            <marc:subfield code="a">Ehlhardt, George Brinkmann.</marc:subfield>
        </marc:datafield>
        <marc:datafield tag="245" ind1="1" ind2="0">
            <marc:subfield code="a">George B. Ehlhardt Papers,</marc:subfield>
            <marc:subfield code="f">1938-1954</marc:subfield>
        </marc:datafield>
        <marc:datafield tag="300" ind1=" " ind2=" ">
            <marc:subfield code="a">37</marc:subfield>
            <marc:subfield code="f">items</marc:subfield>
        </marc:datafield>
        <marc:datafield tag="500" ind1=" " ind2=" ">
            <marc:subfield code="a">This material is in Small Collections located on-site. Please contact Archives staff for more information.</marc:subfield>
        </marc:datafield>
        <marc:datafield tag="545" ind1=" " ind2=" ">
            <marc:subfield code="a">George Brinkmann Ehlhardt was Registrar and Librarian of the Divinity School Library.</marc:subfield>
        </marc:datafield>
        <marc:datafield tag="520" ind1="8" ind2=" ">
            <marc:subfield code="a">This collection contains correspondence between poet Robert Frost and George Ehlhardt. Topics include Frost's visits to Duke in 1945, 1947, and 1948 (when he received an honorary degree) and a conference held at Kenyon College in 1950 to honor Frost. Photos include Frost at Duke and at Kenyon College.</marc:subfield>
        </marc:datafield>
        <marc:datafield tag="590" ind1=" " ind2=" ">
            <marc:subfield code="a">*initials YYYYMMDD</marc:subfield>
        </marc:datafield>
        <marc:datafield tag="600" ind1="1" ind2="0">
            <marc:subfield code="a">Ehlhardt, George Brinkmann.</marc:subfield>
        </marc:datafield>
        <marc:datafield tag="600" ind1="1" ind2="0">
            <marc:subfield code="a">Frost, Robert,</marc:subfield>
            <marc:subfield code="d">1874-1963</marc:subfield>
            <marc:subfield code="v">Correspondence.</marc:subfield>
        </marc:datafield>
        <marc:datafield tag="610" ind1="2" ind2="0">
            <marc:subfield code="a">Kenyon College.</marc:subfield>
        </marc:datafield>
    </marc:record>