
    <marc:record>
        <marc:leader>00537cpc a2200169Ia 4500</marc:leader>
        <marc:controlfield tag="001">003085673</marc:controlfield>
        <marc:controlfield tag="005">20040712210400.0</marc:controlfield>
        <marc:controlfield tag="008">020703i19501963ncu                 eng d</marc:controlfield>
        <marc:datafield tag="040" ind1=" " ind2=" ">
            <marc:subfield code="a">NDD</marc:subfield>
            <marc:subfield code="e">appm</marc:subfield>
            <marc:subfield code="c">NDD</marc:subfield>
        </marc:datafield>
        <marc:datafield tag="049" ind1=" " ind2=" ">
            <marc:subfield code="a">NDDA</marc:subfield>
            <marc:subfield code="d">[1-=Boxes]</marc:subfield>
            <marc:subfield code="v">1-3</marc:subfield>
        </marc:datafield>
        <marc:datafield tag="099" ind1=" " ind2=" ">
            <marc:subfield code="a">Lib. Serv. Ctr.</marc:subfield>
        </marc:datafield>
        <marc:datafield tag="100" ind1="1" ind2=" ">
            <marc:subfield code="a">Sandeen, Muriel Ione,</marc:subfield>
            <marc:subfield code="d">1924-1963.</marc:subfield>
        </marc:datafield>
        <marc:datafield tag="245" ind1="1" ind2="0">
            <marc:subfield code="a">Muriel I. Sandeen papers,</marc:subfield>
            <marc:subfield code="f">1950-1963.</marc:subfield>
        </marc:datafield>
        <marc:datafield tag="300" ind1=" " ind2=" ">
            <marc:subfield code="a">3,000</marc:subfield>
            <marc:subfield code="f">items (3 Boxes)</marc:subfield>
        </marc:datafield>
        <marc:datafield tag="500" ind1=" " ind2=" ">
            <marc:subfield code="a">TEMPORARY RECORD.</marc:subfield>
        </marc:datafield>
        <marc:datafield tag="500" ind1=" " ind2=" ">
            <marc:subfield code="a">Stored offsite. May require 24 hours for retrieval.</marc:subfield>
        </marc:datafield>
        <marc:datafield tag="506" ind1=" " ind2=" ">
            <marc:subfield code="a">Access restricted. Closed pending processing.</marc:subfield>
        </marc:datafield>
        <marc:datafield tag="590" ind1=" " ind2=" ">
            <marc:subfield code="a">*tdp</marc:subfield>
        </marc:datafield>
    </marc:record>