
    <marc:record>
        <marc:leader>00482cpc a2200157Ia 4500</marc:leader>
        <marc:controlfield tag="001">003253438</marc:controlfield>
        <marc:controlfield tag="005">20040712220500.0</marc:controlfield>
        <marc:controlfield tag="008">031120i19851990ncu                 eng d</marc:controlfield>
        <marc:datafield tag="040" ind1=" " ind2=" ">
            <marc:subfield code="a">NDD</marc:subfield>
            <marc:subfield code="e">appm</marc:subfield>
            <marc:subfield code="c">NDD</marc:subfield>
        </marc:datafield>
        <marc:datafield tag="049" ind1=" " ind2=" ">
            <marc:subfield code="a">NDDA</marc:subfield>
            <marc:subfield code="d">[1-=Box ]</marc:subfield>
            <marc:subfield code="v">1</marc:subfield>
        </marc:datafield>
        <marc:datafield tag="099" ind1=" " ind2=" ">
            <marc:subfield code="a">6L</marc:subfield>
        </marc:datafield>
        <marc:datafield tag="100" ind1="1" ind2=" ">
            <marc:subfield code="a">Cirksena, Randy,</marc:subfield>
            <marc:subfield code="e">collector.</marc:subfield>
        </marc:datafield>
        <marc:datafield tag="245" ind1="1" ind2="0">
            <marc:subfield code="a">Randy Cirksena, Jr. collection of W. Kenneth Goodson materials,</marc:subfield>
            <marc:subfield code="f">1985-1990.</marc:subfield>
        </marc:datafield>
        <marc:datafield tag="300" ind1=" " ind2=" ">
            <marc:subfield code="a">850</marc:subfield>
            <marc:subfield code="f">items (1 Box)</marc:subfield>
        </marc:datafield>
        <marc:datafield tag="500" ind1=" " ind2=" ">
            <marc:subfield code="a">TEMPORARY RECORD.</marc:subfield>
        </marc:datafield>
        <marc:datafield tag="506" ind1=" " ind2=" ">
            <marc:subfield code="a">Access restricted. Closed pending processing.</marc:subfield>
        </marc:datafield>
        <marc:datafield tag="590" ind1=" " ind2=" ">
            <marc:subfield code="a">*jak</marc:subfield>
        </marc:datafield>
    </marc:record>
    <marc:record>
        <marc:leader>00055npm a22000375a 4500</marc:leader>
        <marc:controlfield tag="005">20120907112756.0</marc:controlfield>
    </marc:record>