
    <marc:record>
        <marc:leader>00666npm a22001455a 4500</marc:leader>
        <marc:controlfield tag="001">003767381</marc:controlfield>
        <marc:controlfield tag="005">20120911151908.0</marc:controlfield>
        <marc:controlfield tag="008">060714i19501980ncu|||||||||||||| ||eng|d</marc:controlfield>
        <marc:datafield tag="100" ind1="1" ind2=" ">
            <marc:subfield code="a">Bryan, Paul Robey,</marc:subfield>
            <marc:subfield code="d">1920-</marc:subfield>
        </marc:datafield>
        <marc:datafield tag="245" ind1="1" ind2="0">
            <marc:subfield code="a">Paul Bryan papers,</marc:subfield>
            <marc:subfield code="f">1950s-1980s.</marc:subfield>
        </marc:datafield>
        <marc:datafield tag="300" ind1=" " ind2=" ">
            <marc:subfield code="a">29</marc:subfield>
            <marc:subfield code="f">boxes</marc:subfield>
        </marc:datafield>
        <marc:datafield tag="506" ind1=" " ind2=" ">
            <marc:subfield code="a">some FERPA protected records maybe present</marc:subfield>
        </marc:datafield>
        <marc:datafield tag="520" ind1="8" ind2=" ">
            <marc:subfield code="a">Contains Bryan's records of the Duke University Marching Band (DUMB), Duke University Wind Symphony (DUWS), and Music Department as well as personal papers and research materials.</marc:subfield>
        </marc:datafield>
        <marc:datafield tag="545" ind1=" " ind2=" ">
            <marc:subfield code="a">Bryan served as director of DUMB (1950s) and the DUWS (1950s-1988) as well as a professor in the Music Department.</marc:subfield>
        </marc:datafield>
        <marc:datafield tag="500" ind1=" " ind2=" ">
            <marc:subfield code="a">TEMPORARY RECORD</marc:subfield>
        </marc:datafield>
    </marc:record>