
    <marc:record>
        <marc:leader>00781npm a22001335a 4500</marc:leader>
        <marc:controlfield tag="001">003786588</marc:controlfield>
        <marc:controlfield tag="005">20120911152245.0</marc:controlfield>
        <marc:controlfield tag="008">060915i19972006ncu|||||||||||||| ||eng|d</marc:controlfield>
        <marc:datafield tag="110" ind1="2" ind2=" ">
            <marc:subfield code="a">Duke University.</marc:subfield>
            <marc:subfield code="b">Library.</marc:subfield>
        </marc:datafield>
        <marc:datafield tag="245" ind1="1" ind2="0">
            <marc:subfield code="a">Paul Conway papers,</marc:subfield>
            <marc:subfield code="f">1997-2006.</marc:subfield>
        </marc:datafield>
        <marc:datafield tag="300" ind1=" " ind2=" ">
            <marc:subfield code="a">3000</marc:subfield>
            <marc:subfield code="f">items (3 rs boxes)</marc:subfield>
        </marc:datafield>
        <marc:datafield tag="506" ind1=" " ind2=" ">
            <marc:subfield code="a">Access restricted.</marc:subfield>
        </marc:datafield>
        <marc:datafield tag="520" ind1="8" ind2=" ">
            <marc:subfield code="a">Contains library administration documents accumulated by Paul Conway, Director for information technology services and digital asset initiatives, during his tenure as at Perkins Library. Major topics include project plans and proposals, NC Live databases(Box 1); ITS administration (Box 2); financial information, email correspondence, notes and other technical and or computer related materials dating from 1997 through 2006 (Box 3).</marc:subfield>
        </marc:datafield>
        <marc:datafield tag="500" ind1=" " ind2=" ">
            <marc:subfield code="a">TEMPORARY RECORD</marc:subfield>
        </marc:datafield>
    </marc:record>
    <marc:record>
        <marc:leader>00055npm a22000375a 4500</marc:leader>
        <marc:controlfield tag="005">20120912134932.0</marc:controlfield>
    </marc:record>