
    <marc:record>
        <marc:leader>01325npm a22001575a 4500</marc:leader>
        <marc:controlfield tag="001">003882412</marc:controlfield>
        <marc:controlfield tag="005">20120912135221.0</marc:controlfield>
        <marc:controlfield tag="008">070803i19832001ncu|||||||||||||| ||eng|d</marc:controlfield>
        <marc:datafield tag="100" ind1="1" ind2=" ">
            <marc:subfield code="a">Staddon, J. E. R.</marc:subfield>
        </marc:datafield>
        <marc:datafield tag="245" ind1="1" ind2="0">
            <marc:subfield code="a">J.E.R. Staddon papers,</marc:subfield>
            <marc:subfield code="f">circa 1983-2001.</marc:subfield>
        </marc:datafield>
        <marc:datafield tag="300" ind1=" " ind2=" ">
            <marc:subfield code="a">1,000</marc:subfield>
            <marc:subfield code="f">items (1 box)</marc:subfield>
        </marc:datafield>
        <marc:datafield tag="500" ind1=" " ind2=" ">
            <marc:subfield code="a">TEMPORARY RECORD</marc:subfield>
        </marc:datafield>
        <marc:datafield tag="506" ind1=" " ind2=" ">
            <marc:subfield code="a">Access restricted: admin records, personnel records.</marc:subfield>
        </marc:datafield>
        <marc:datafield tag="506" ind1=" " ind2=" ">
            <marc:subfield code="a">Collection is unprocessed.</marc:subfield>
        </marc:datafield>
        <marc:datafield tag="520" ind1="8" ind2=" ">
            <marc:subfield code="a">Collection contains materials pertaining to Staddon's tenure in the Department of Psychology including his stint as departmental chair. Subjects present include: Pew trust equipment grant, faculty committee on departmental needs, Neurobiology Committee Report, January 1986, departmental faculty minutes, teaching materials, and the National Association of Scholars at Duke (NAS is a national organization devoted to preserving traditional curriculum and opposing the politicization of women's and minority studies). Dates present are circa 1983-2001.</marc:subfield>
        </marc:datafield>
        <marc:datafield tag="545" ind1=" " ind2=" ">
            <marc:subfield code="a">Collection includes the professional papers of J.E.R. Staddon, James B Duke Professor of Psychological and Brain Sciences and Professor of Biology and Neurobiology at Duke University. Staddon recieved his B.Sc degree from University College, London (1960) and his Ph.D. from Harvard University (1964). He joined the Duke faculty in 1967.</marc:subfield>
        </marc:datafield>
    </marc:record>