
    <marc:record>
        <marc:leader>01360npm a22001455a 4500</marc:leader>
        <marc:controlfield tag="001">003885978</marc:controlfield>
        <marc:controlfield tag="005">20120912140418.0</marc:controlfield>
        <marc:controlfield tag="008">070821i19121957ncu|||||||||||||| ||eng|d</marc:controlfield>
        <marc:datafield tag="100" ind1="1" ind2=" ">
            <marc:subfield code="a">Blomquist, H. L.,</marc:subfield>
            <marc:subfield code="d">1888-1964.</marc:subfield>
        </marc:datafield>
        <marc:datafield tag="245" ind1="1" ind2="0">
            <marc:subfield code="a">Hugo Leander Blomquist papers,</marc:subfield>
            <marc:subfield code="f">1912-1957.</marc:subfield>
        </marc:datafield>
        <marc:datafield tag="300" ind1=" " ind2=" ">
            <marc:subfield code="a">300</marc:subfield>
            <marc:subfield code="f">items (1 box)</marc:subfield>
        </marc:datafield>
        <marc:datafield tag="506" ind1=" " ind2=" ">
            <marc:subfield code="a">Unprocessed addition to Blomquist collection.</marc:subfield>
        </marc:datafield>
        <marc:datafield tag="520" ind1="8" ind2=" ">
            <marc:subfield code="a">Addition contains mostly correspondence between Blomquist and Margaret L. Mordecai (his future wife) dating from 1924-1928. Other letters of note include Blomquist's letters to his brother during his service in World War I, and letters he received from a young girl he met in France during the war. The addition also includes postcards, personal items (passport, smallpox vaccination certificate, honorable discharge), photographs, and journals from his WWI days containing his daily activitives and thoughts containing headings such as: &quot;Impressions of Paris,&quot; and &quot;Who won the war?&quot; Materials range in date from 1912-1957. An addition of 0.5 linear feet was added to this accession 15 October 2007. The addition contains primarily letters and clippings. Also present are some photographs and a book of letters presented to Blomquist upon his retirement.</marc:subfield>
        </marc:datafield>
        <marc:datafield tag="545" ind1=" " ind2=" ">
            <marc:subfield code="a">Hugo Leander Blomquist was professor and chair of the Botany Department at Duke University from 1921-1957.</marc:subfield>
        </marc:datafield>
        <marc:datafield tag="500" ind1=" " ind2=" ">
            <marc:subfield code="a">TEMPORARY RECORD</marc:subfield>
        </marc:datafield>
    </marc:record>