
    <marc:record>
        <marc:leader>01136npm a22001455a 4500</marc:leader>
        <marc:controlfield tag="001">003891566</marc:controlfield>
        <marc:controlfield tag="005">20120912142244.0</marc:controlfield>
        <marc:controlfield tag="008">070905nuuuuuuuuncu|||||||||||||| ||eng|d</marc:controlfield>
        <marc:datafield tag="100" ind1="1" ind2=" ">
            <marc:subfield code="a">Borchardt, Frank L.</marc:subfield>
        </marc:datafield>
        <marc:datafield tag="245" ind1="1" ind2="0">
            <marc:subfield code="a">Frank L. Borchart papers</marc:subfield>
        </marc:datafield>
        <marc:datafield tag="300" ind1=" " ind2=" ">
            <marc:subfield code="a">19,000</marc:subfield>
            <marc:subfield code="f">items (19 boxes)</marc:subfield>
        </marc:datafield>
        <marc:datafield tag="506" ind1=" " ind2=" ">
            <marc:subfield code="a">Access restricted: student records/ admin records/ etc.</marc:subfield>
        </marc:datafield>
        <marc:datafield tag="520" ind1="8" ind2=" ">
            <marc:subfield code="a">Personal and professional papers. Some subjects include: Calis (computer aided language instruction); Calico presentations and manuals; NSA contracts and proposals; German Department administrative materials; Duke Language Tool kit.</marc:subfield>
        </marc:datafield>
        <marc:datafield tag="545" ind1=" " ind2=" ">
            <marc:subfield code="a">Frank L. Borchardt joined Duke University's Department of Germanic Languages and Literature in 1971. He became chair of the department in 1982 and served in that capacity until 1991. Borchardt worked in two principal areas: Early Modern German Culture, and Educational Technology. He was a pioneer in the use of computer technology in language instruction, and he was instrumental in the creation of CALICO (the Computer Assisted Learning and Instructional Consortium). He edited the CALICO Journal from 1991 to 1997.</marc:subfield>
        </marc:datafield>
        <marc:datafield tag="500" ind1=" " ind2=" ">
            <marc:subfield code="a">TEMPORARY RECORD</marc:subfield>
        </marc:datafield>
    </marc:record>