
    <marc:record>
        <marc:leader>01433npm a22001335a 4500</marc:leader>
        <marc:controlfield tag="001">003974191</marc:controlfield>
        <marc:controlfield tag="005">20120912151912.0</marc:controlfield>
        <marc:controlfield tag="008">080610nuuuuuuuuncu|||||||||||||| ||eng|d</marc:controlfield>
        <marc:datafield tag="100" ind1="1" ind2=" ">
            <marc:subfield code="a">Burness, John F.</marc:subfield>
        </marc:datafield>
        <marc:datafield tag="245" ind1="1" ind2="0">
            <marc:subfield code="a">John F. Burness papers,</marc:subfield>
        </marc:datafield>
        <marc:datafield tag="300" ind1=" " ind2=" ">
            <marc:subfield code="a">20</marc:subfield>
            <marc:subfield code="f">items (1 box)</marc:subfield>
        </marc:datafield>
        <marc:datafield tag="500" ind1=" " ind2=" ">
            <marc:subfield code="a">TEMPORARY RECORD</marc:subfield>
        </marc:datafield>
        <marc:datafield tag="520" ind1="8" ind2=" ">
            <marc:subfield code="a">Photographs (framed and unframed), plaques, and other memorabilia from John Burness' office. Items include: framed Doonesbury cartoon; Durham County Board of County Commissioners resolution for Duke's 75th anniversary; 75th anniversary banner; envelopes containing a stamp celebrating Duke 75th anniversary; framed 75th anniversary commemorative phonebook cover; unframed photographs; a plaque present to Duke by the City of Durham Police Department; and six Wedgewood plates (unnumbered). The Wedgewood plates and the Doonesbury comic were removed and placed in the Artifacts and Relics collection. The commemorative 75th anniversary items were removed and placed in the Duke University Anniversaries Collection. On June 11, 2008 a pair of gold cufflinks bearing the 75th Anniversary logo was added to this accession it was placed in the Duke University Anniversaries Collection.</marc:subfield>
        </marc:datafield>
        <marc:datafield tag="545" ind1=" " ind2=" ">
            <marc:subfield code="a">John F. Burness was Duke University’s senior vice president for public affairs and government relations since 1991 and the guiding force behind the Duke-Durham Neighborhood Partnership that helped strengthen Duke’s ties with the local community.</marc:subfield>
        </marc:datafield>
    </marc:record>