
    <marc:record>
        <marc:leader>00545npm a22001335a 4500</marc:leader>
        <marc:controlfield tag="001">003927282</marc:controlfield>
        <marc:controlfield tag="005">20120912143301.0</marc:controlfield>
        <marc:controlfield tag="008">080116i19101950ncu|||||||||||||| ||eng|d</marc:controlfield>
        <marc:datafield tag="100" ind1="1" ind2=" ">
            <marc:subfield code="a">Fenn, Elizabeth A.</marc:subfield>
            <marc:subfield code="q">(Elizabeth Anne),</marc:subfield>
            <marc:subfield code="d">1959-</marc:subfield>
        </marc:datafield>
        <marc:datafield tag="245" ind1="1" ind2="0">
            <marc:subfield code="a">Elizabeth A. Fenn Postcard Collection,</marc:subfield>
            <marc:subfield code="f">circa 1910-1950s.</marc:subfield>
        </marc:datafield>
        <marc:datafield tag="300" ind1=" " ind2=" ">
            <marc:subfield code="a">50</marc:subfield>
            <marc:subfield code="f">items (1 box)</marc:subfield>
        </marc:datafield>
        <marc:datafield tag="500" ind1=" " ind2=" ">
            <marc:subfield code="a">TEMPORARY RECORD</marc:subfield>
        </marc:datafield>
        <marc:datafield tag="520" ind1="8" ind2=" ">
            <marc:subfield code="a">Postcards depicting scenes of Duke University and Durham from circa 1910-1950s.</marc:subfield>
        </marc:datafield>
        <marc:datafield tag="545" ind1=" " ind2=" ">
            <marc:subfield code="a">Elizabeth A. Fenn, Assistant Professor of History at Duke, received these as a gift from her mother.</marc:subfield>
        </marc:datafield>
    </marc:record>