
    <marc:record>
        <marc:leader>00854npcaa2200193Ia 4500</marc:leader>
        <marc:controlfield tag="001">003969839</marc:controlfield>
        <marc:controlfield tag="005">20080528082927.0</marc:controlfield>
        <marc:controlfield tag="008">080528s1974    ncu                 eng d</marc:controlfield>
        <marc:datafield tag="035" ind1=" " ind2=" ">
            <marc:subfield code="a">229084424</marc:subfield>
        </marc:datafield>
        <marc:datafield tag="040" ind1=" " ind2=" ">
            <marc:subfield code="a">NDD</marc:subfield>
            <marc:subfield code="e">dacs</marc:subfield>
            <marc:subfield code="c">NDD</marc:subfield>
        </marc:datafield>
        <marc:datafield tag="049" ind1=" " ind2=" ">
            <marc:subfield code="a">NDH6</marc:subfield>
        </marc:datafield>
        <marc:datafield tag="100" ind1="1" ind2=" ">
            <marc:subfield code="a">Frattini, Randall.</marc:subfield>
        </marc:datafield>
        <marc:datafield tag="245" ind1="1" ind2="0">
            <marc:subfield code="a">Papers,</marc:subfield>
            <marc:subfield code="f">1974.</marc:subfield>
        </marc:datafield>
        <marc:datafield tag="300" ind1=" " ind2=" ">
            <marc:subfield code="a">1</marc:subfield>
            <marc:subfield code="f">item (1 folder)</marc:subfield>
        </marc:datafield>
        <marc:datafield tag="520" ind1="8" ind2=" ">
            <marc:subfield code="a">Copy of a paper written by Duke student Randall Frattini concerning streaking at the University. Streaking was an activity in which people, primarily students, removed their clothing and ran naked through the quadrangle. The major streaks at Duke occurred, according to Frattini, on the nights of February 28 and March 1, 1974. This is his eyewitness account.</marc:subfield>
        </marc:datafield>
        <marc:datafield tag="541" ind1=" " ind2=" ">
            <marc:subfield code="a">.</marc:subfield>
            <marc:subfield code="c">Transfer;</marc:subfield>
            <marc:subfield code="d">1974.</marc:subfield>
        </marc:datafield>
        <marc:datafield tag="590" ind1=" " ind2=" ">
            <marc:subfield code="a">*kds 20080528</marc:subfield>
        </marc:datafield>
        <marc:datafield tag="600" ind1="1" ind2="0">
            <marc:subfield code="a">Frattini, Randall.</marc:subfield>
        </marc:datafield>
        <marc:datafield tag="610" ind1="2" ind2="0">
            <marc:subfield code="a">Duke University</marc:subfield>
            <marc:subfield code="x">Students</marc:subfield>
            <marc:subfield code="x">Social life and customs.</marc:subfield>
        </marc:datafield>
    </marc:record>