
    <marc:record>
        <marc:leader>01289npcaa2200217Ia 450 </marc:leader>
        <marc:controlfield tag="001">003969882</marc:controlfield>
        <marc:controlfield tag="005">20080528103706.0</marc:controlfield>
        <marc:controlfield tag="008">080528i19661974ncu                 eng d</marc:controlfield>
        <marc:datafield tag="035" ind1=" " ind2=" ">
            <marc:subfield code="a">229107318</marc:subfield>
        </marc:datafield>
        <marc:datafield tag="040" ind1=" " ind2=" ">
            <marc:subfield code="a">NDD</marc:subfield>
            <marc:subfield code="e">dacs</marc:subfield>
            <marc:subfield code="c">NDD</marc:subfield>
        </marc:datafield>
        <marc:datafield tag="049" ind1=" " ind2=" ">
            <marc:subfield code="a">NDH6</marc:subfield>
        </marc:datafield>
        <marc:datafield tag="100" ind1="1" ind2=" ">
            <marc:subfield code="a">Heckscher, William S.</marc:subfield>
            <marc:subfield code="q">(William Sebastian),</marc:subfield>
            <marc:subfield code="d">1904-1999.</marc:subfield>
        </marc:datafield>
        <marc:datafield tag="245" ind1="1" ind2="0">
            <marc:subfield code="a">Papers,</marc:subfield>
            <marc:subfield code="f">1966-1974.</marc:subfield>
        </marc:datafield>
        <marc:datafield tag="300" ind1=" " ind2=" ">
            <marc:subfield code="a">3</marc:subfield>
            <marc:subfield code="f">items (1 folder)</marc:subfield>
        </marc:datafield>
        <marc:datafield tag="545" ind1=" " ind2=" ">
            <marc:subfield code="a">William S. Heckscher was a German-born art historian and artist who came to Duke in 1966 to become chairman of the Art and Art History Department. He served in that capacity until 1969. He was director of Duke University Museum of Art from 1970 to 1974.</marc:subfield>
        </marc:datafield>
        <marc:datafield tag="520" ind1="8" ind2=" ">
            <marc:subfield code="a">Includes manuscript of farewell lecture to Duke (August 1974), &quot;A List of Publications and Studies in the Field of Iconography and Iconology Originating from the Iconological Institute in the University of Utrecht, the Netherlands,&quot; which was undertaken during the directorship of Heckscher (1955-1966), and ART JOURNAL, Winter 1967/68 issue which features an article co-written by Heckscher.</marc:subfield>
        </marc:datafield>
        <marc:datafield tag="541" ind1=" " ind2=" ">
            <marc:subfield code="a">.</marc:subfield>
            <marc:subfield code="c">Transfer;</marc:subfield>
            <marc:subfield code="d">1974.</marc:subfield>
        </marc:datafield>
        <marc:datafield tag="590" ind1=" " ind2=" ">
            <marc:subfield code="a">*kds 20080528</marc:subfield>
        </marc:datafield>
        <marc:datafield tag="600" ind1="1" ind2="0">
            <marc:subfield code="a">Heckscher, William S.</marc:subfield>
            <marc:subfield code="q">(William Sebastian),</marc:subfield>
            <marc:subfield code="d">1904-1999.</marc:subfield>
        </marc:datafield>
        <marc:datafield tag="610" ind1="2" ind2="0">
            <marc:subfield code="a">Duke University</marc:subfield>
            <marc:subfield code="x">Faculty.</marc:subfield>
        </marc:datafield>
        <marc:datafield tag="610" ind1="2" ind2="0">
            <marc:subfield code="a">Duke University.</marc:subfield>
            <marc:subfield code="b">Department of Art and Art History</marc:subfield>
            <marc:subfield code="x">Faculty.</marc:subfield>
        </marc:datafield>
    </marc:record>