
    <marc:record>
        <marc:leader>00784npcaa2200205Ia 4500</marc:leader>
        <marc:controlfield tag="001">003970095</marc:controlfield>
        <marc:controlfield tag="005">20080528145700.0</marc:controlfield>
        <marc:controlfield tag="008">080528s1997    ncu                 eng d</marc:controlfield>
        <marc:datafield tag="035" ind1=" " ind2=" ">
            <marc:subfield code="a">229161145</marc:subfield>
        </marc:datafield>
        <marc:datafield tag="040" ind1=" " ind2=" ">
            <marc:subfield code="a">NDD</marc:subfield>
            <marc:subfield code="e">dacs</marc:subfield>
            <marc:subfield code="c">NDD</marc:subfield>
        </marc:datafield>
        <marc:datafield tag="049" ind1=" " ind2=" ">
            <marc:subfield code="a">NDH6</marc:subfield>
        </marc:datafield>
        <marc:datafield tag="100" ind1="1" ind2=" ">
            <marc:subfield code="a">Manigault-Bryant, LeRhonda S.,</marc:subfield>
            <marc:subfield code="d">1977-</marc:subfield>
        </marc:datafield>
        <marc:datafield tag="245" ind1="1" ind2="0">
            <marc:subfield code="a">Gullah: An Endangered Species?</marc:subfield>
        </marc:datafield>
        <marc:datafield tag="300" ind1=" " ind2=" ">
            <marc:subfield code="a">1</marc:subfield>
            <marc:subfield code="f">item (1 folder)</marc:subfield>
        </marc:datafield>
        <marc:datafield tag="520" ind1="8" ind2=" ">
            <marc:subfield code="a">This paper was done during the summer of 1997 out of Manigault's own interest in the subject; it is not coursework. At the time, she was a student at Duke. She made use of the Mason Crum papers, located in the Archives.</marc:subfield>
        </marc:datafield>
        <marc:datafield tag="541" ind1=" " ind2=" ">
            <marc:subfield code="a">.</marc:subfield>
            <marc:subfield code="c">Transfer;</marc:subfield>
            <marc:subfield code="d">1997.</marc:subfield>
        </marc:datafield>
        <marc:datafield tag="590" ind1=" " ind2=" ">
            <marc:subfield code="a">*kds 20080528</marc:subfield>
        </marc:datafield>
        <marc:datafield tag="600" ind1="1" ind2="0">
            <marc:subfield code="a">Manigault-Bryant, LeRhonda S.,</marc:subfield>
            <marc:subfield code="d">1977-</marc:subfield>
        </marc:datafield>
        <marc:datafield tag="610" ind1="2" ind2="0">
            <marc:subfield code="a">Duke University</marc:subfield>
            <marc:subfield code="x">Students.</marc:subfield>
        </marc:datafield>
        <marc:datafield tag="650" ind1=" " ind2="0">
            <marc:subfield code="a">Gullahs</marc:subfield>
            <marc:subfield code="z">South Carolina.</marc:subfield>
        </marc:datafield>
    </marc:record>