
    <marc:record>
        <marc:leader>00847npcaa2200229Ia 4500</marc:leader>
        <marc:controlfield tag="001">004169992</marc:controlfield>
        <marc:controlfield tag="005">20090515145449.0</marc:controlfield>
        <marc:controlfield tag="008">090515i19381942ncu                 eng d</marc:controlfield>
        <marc:datafield tag="035" ind1=" " ind2=" ">
            <marc:subfield code="a">321076567</marc:subfield>
        </marc:datafield>
        <marc:datafield tag="040" ind1=" " ind2=" ">
            <marc:subfield code="a">NDD</marc:subfield>
            <marc:subfield code="e">dacs</marc:subfield>
            <marc:subfield code="c">NDD</marc:subfield>
        </marc:datafield>
        <marc:datafield tag="049" ind1=" " ind2=" ">
            <marc:subfield code="a">NDH6</marc:subfield>
        </marc:datafield>
        <marc:datafield tag="100" ind1="1" ind2=" ">
            <marc:subfield code="a">Lassiter, William Carroll,</marc:subfield>
            <marc:subfield code="d">1909-</marc:subfield>
        </marc:datafield>
        <marc:datafield tag="245" ind1="1" ind2="0">
            <marc:subfield code="a">Collection,</marc:subfield>
            <marc:subfield code="f">1938-1942</marc:subfield>
        </marc:datafield>
        <marc:datafield tag="300" ind1=" " ind2=" ">
            <marc:subfield code="a">7</marc:subfield>
            <marc:subfield code="f">items</marc:subfield>
        </marc:datafield>
        <marc:datafield tag="545" ind1=" " ind2=" ">
            <marc:subfield code="a">Lassiter received his undergraduate degree from Duke University in 1930 and his law degree from Duke in 1933.</marc:subfield>
        </marc:datafield>
        <marc:datafield tag="520" ind1="8" ind2=" ">
            <marc:subfield code="a">The collection contains documentation regarding the clarification of copyright of the Duke songs &quot;Dear Old Duke&quot; and &quot;Blue and White.&quot;</marc:subfield>
        </marc:datafield>
        <marc:datafield tag="541" ind1=" " ind2=" ">
            <marc:subfield code="a">.</marc:subfield>
            <marc:subfield code="c">Gift;</marc:subfield>
            <marc:subfield code="d">1994.</marc:subfield>
        </marc:datafield>
        <marc:datafield tag="555" ind1="8" ind2=" ">
            <marc:subfield code="a">Inventory in repository and on the web.</marc:subfield>
        </marc:datafield>
        <marc:datafield tag="590" ind1=" " ind2=" ">
            <marc:subfield code="a">*kds 20090515</marc:subfield>
        </marc:datafield>
        <marc:datafield tag="590" ind1=" " ind2=" ">
            <marc:subfield code="a">*kds 20090515</marc:subfield>
        </marc:datafield>
        <marc:datafield tag="600" ind1="1" ind2="0">
            <marc:subfield code="a">Lassiter, William Carroll,</marc:subfield>
            <marc:subfield code="d">1909-</marc:subfield>
        </marc:datafield>
        <marc:datafield tag="610" ind1="2" ind2="0">
            <marc:subfield code="a">Duke University</marc:subfield>
            <marc:subfield code="v">Songs and music.</marc:subfield>
        </marc:datafield>
    </marc:record>