
    <marc:record>
        <marc:leader>00982npcaa2200241Ia 4500</marc:leader>
        <marc:controlfield tag="001">004170371</marc:controlfield>
        <marc:controlfield tag="005">20090518145256.0</marc:controlfield>
        <marc:controlfield tag="008">090518i19521956ncu                 eng d</marc:controlfield>
        <marc:datafield tag="035" ind1=" " ind2=" ">
            <marc:subfield code="a">325145014</marc:subfield>
        </marc:datafield>
        <marc:datafield tag="040" ind1=" " ind2=" ">
            <marc:subfield code="a">NDD</marc:subfield>
            <marc:subfield code="e">dacs</marc:subfield>
            <marc:subfield code="c">NDD</marc:subfield>
        </marc:datafield>
        <marc:datafield tag="049" ind1=" " ind2=" ">
            <marc:subfield code="a">NDH6</marc:subfield>
        </marc:datafield>
        <marc:datafield tag="100" ind1="1" ind2=" ">
            <marc:subfield code="a">Leinbach, Philip E.</marc:subfield>
        </marc:datafield>
        <marc:datafield tag="245" ind1="1" ind2="0">
            <marc:subfield code="a">Collection,</marc:subfield>
            <marc:subfield code="f">1952, 1955-1956</marc:subfield>
        </marc:datafield>
        <marc:datafield tag="300" ind1=" " ind2=" ">
            <marc:subfield code="a">19</marc:subfield>
            <marc:subfield code="f">items</marc:subfield>
        </marc:datafield>
        <marc:datafield tag="545" ind1=" " ind2=" ">
            <marc:subfield code="a">Leinbach graduated from Duke University in 1956.</marc:subfield>
        </marc:datafield>
        <marc:datafield tag="520" ind1="8" ind2=" ">
            <marc:subfield code="a">Materials collected by Leinbach, including clippings, programs for the Rho Circle Chapter of Omicron Delta Kappa initiation banquets, 1956 commencement invitation, YMCA banquet menu/program, Dad's Day program, brochure, and host ribbon, and a 1955 issue of &quot;Nu News.&quot;</marc:subfield>
        </marc:datafield>
        <marc:datafield tag="541" ind1=" " ind2=" ">
            <marc:subfield code="a">.</marc:subfield>
            <marc:subfield code="c">Gift;</marc:subfield>
            <marc:subfield code="d">2001.</marc:subfield>
        </marc:datafield>
        <marc:datafield tag="555" ind1="8" ind2=" ">
            <marc:subfield code="a">Inventory in repository and on the web.</marc:subfield>
        </marc:datafield>
        <marc:datafield tag="590" ind1=" " ind2=" ">
            <marc:subfield code="a">*kds 20090518</marc:subfield>
        </marc:datafield>
        <marc:datafield tag="590" ind1=" " ind2=" ">
            <marc:subfield code="a">*kds 20090518</marc:subfield>
        </marc:datafield>
        <marc:datafield tag="600" ind1="1" ind2="0">
            <marc:subfield code="a">Leinbach, Philip E.</marc:subfield>
        </marc:datafield>
        <marc:datafield tag="610" ind1="2" ind2="0">
            <marc:subfield code="a">Duke University</marc:subfield>
            <marc:subfield code="x">Students</marc:subfield>
            <marc:subfield code="x">Societies, etc.</marc:subfield>
        </marc:datafield>
        <marc:datafield tag="610" ind1="2" ind2="0">
            <marc:subfield code="a">Omicron Delta Kappa.</marc:subfield>
            <marc:subfield code="b">Rho Circle Chapter (Duke University)</marc:subfield>
        </marc:datafield>
    </marc:record>