
    <marc:record>
        <marc:leader>01615npcaa2200253Ia 4500</marc:leader>
        <marc:controlfield tag="001">004173306</marc:controlfield>
        <marc:controlfield tag="005">20090527155416.0</marc:controlfield>
        <marc:controlfield tag="008">090527i19141964ncu                 eng d</marc:controlfield>
        <marc:datafield tag="035" ind1=" " ind2=" ">
            <marc:subfield code="a">352926610</marc:subfield>
        </marc:datafield>
        <marc:datafield tag="040" ind1=" " ind2=" ">
            <marc:subfield code="a">NDD</marc:subfield>
            <marc:subfield code="e">dacs</marc:subfield>
            <marc:subfield code="c">NDD</marc:subfield>
        </marc:datafield>
        <marc:datafield tag="049" ind1=" " ind2=" ">
            <marc:subfield code="a">NDH6</marc:subfield>
        </marc:datafield>
        <marc:datafield tag="100" ind1="1" ind2=" ">
            <marc:subfield code="a">Secrest, E. L.</marc:subfield>
        </marc:datafield>
        <marc:datafield tag="245" ind1="1" ind2="0">
            <marc:subfield code="a">E. L. Secrest Collection, circa 1914, 1964, undated</marc:subfield>
        </marc:datafield>
        <marc:datafield tag="300" ind1=" " ind2=" ">
            <marc:subfield code="a">5</marc:subfield>
            <marc:subfield code="f">items</marc:subfield>
        </marc:datafield>
        <marc:datafield tag="545" ind1=" " ind2=" ">
            <marc:subfield code="a">E. L. Secrest graduated from Trinity College (Durham, NC) in 1914.</marc:subfield>
        </marc:datafield>
        <marc:datafield tag="520" ind1="8" ind2=" ">
            <marc:subfield code="a">Collection includes three photographs, a program, an item from the &quot;Alumni Register,&quot; and an &quot;In Memoriam.&quot; The mounted photograph, circa 1914, shows thirteen men posed in cap and gown. This item has been separated and placed in the map cabinet. The two other photographs, both undated, include an unidentified man as well one of E. L. Secrest and maybe his brothers. The program is from the 1964 meeting of the Duke University Alumni Association at which Secrest gave the invocation. The &quot;In Memoriam&quot; lists the names of individuals from the 1914 class who were deceased at the time of publication and was likely distributed at the Alumni Association event in 1964. There is also a cut-out from an issue of the &quot;Alumni Register&quot; regarding the 1964 meeting, which includes a photograph of Secrest and his wife being greeted by President Knight.</marc:subfield>
        </marc:datafield>
        <marc:datafield tag="541" ind1=" " ind2=" ">
            <marc:subfield code="a">.</marc:subfield>
            <marc:subfield code="c">Transfer;</marc:subfield>
            <marc:subfield code="d">2002.</marc:subfield>
        </marc:datafield>
        <marc:datafield tag="555" ind1="8" ind2=" ">
            <marc:subfield code="a">Inventory in repository and on the web.</marc:subfield>
        </marc:datafield>
        <marc:datafield tag="590" ind1=" " ind2=" ">
            <marc:subfield code="a">*kds 20090527</marc:subfield>
        </marc:datafield>
        <marc:datafield tag="590" ind1=" " ind2=" ">
            <marc:subfield code="a">*kds 20090527</marc:subfield>
        </marc:datafield>
        <marc:datafield tag="590" ind1=" " ind2=" ">
            <marc:subfield code="a">*initials YYYYMMDD</marc:subfield>
        </marc:datafield>
        <marc:datafield tag="600" ind1="1" ind2="0">
            <marc:subfield code="a">Secrest, E. L.</marc:subfield>
        </marc:datafield>
        <marc:datafield tag="610" ind1="2" ind2="0">
            <marc:subfield code="a">Trinity College (Durham, N.C.)</marc:subfield>
            <marc:subfield code="x">Alumni and alumnae.</marc:subfield>
        </marc:datafield>
        <marc:datafield tag="610" ind1="2" ind2="0">
            <marc:subfield code="a">Duke University</marc:subfield>
            <marc:subfield code="x">Alumni and alumnae.</marc:subfield>
        </marc:datafield>
    </marc:record>