
    <marc:record>
        <marc:leader>01639npm a22001455a 4500</marc:leader>
        <marc:controlfield tag="001">003834231</marc:controlfield>
        <marc:controlfield tag="005">20120911153125.0</marc:controlfield>
        <marc:controlfield tag="008">070213i19321939ncu|||||||||||||| ||eng|d</marc:controlfield>
        <marc:datafield tag="100" ind1="1" ind2=" ">
            <marc:subfield code="a">Oswald, James L.,</marc:subfield>
            <marc:subfield code="c">Jr.</marc:subfield>
        </marc:datafield>
        <marc:datafield tag="245" ind1="1" ind2="0">
            <marc:subfield code="a">James L. Oswald, Jr. papers,</marc:subfield>
            <marc:subfield code="f">1932-1939.</marc:subfield>
        </marc:datafield>
        <marc:datafield tag="300" ind1=" " ind2=" ">
            <marc:subfield code="a">97</marc:subfield>
            <marc:subfield code="f">items (1 box)</marc:subfield>
        </marc:datafield>
        <marc:datafield tag="520" ind1="8" ind2=" ">
            <marc:subfield code="a">95+ b/w photographs (3 x 5) of campus, students and student life at Duke as well as a 1935 commencement invitation and the 1939 program/booklet for the Centennial Exhibit of the Duke University Library. Faded snapshots, 3&quot;x5&quot; and smaller, most dating from 1931 to 1933, showing campus scenes, people and activities. Some are annotated in ink on the verso. Most were taken outdoors, but there are several taken inside dorm rooms. The campus scenes include shots of the Chapel and a number of snow scenes. The people pictured include James L. Oswald, Jr, his roommate, Harold W. Pruner, and other friends, one of whom was Pedro Amador, of Puerto Rico. The activities shown are mostly related to athletics. There are scenes of the tennis courts, the track, the baseball field, and the football stadium during a game, along with half-time shows, crowd scenes, and what appear to be homecoming displays. There are eight photos that were taken elsewhere, but are not labelled.</marc:subfield>
        </marc:datafield>
        <marc:datafield tag="545" ind1=" " ind2=" ">
            <marc:subfield code="a">James L. Oswald, Jr. was from Allendale, SC and graduated from Duke University in 1935. He died in Aiken, SC in Feb. 2005.</marc:subfield>
        </marc:datafield>
        <marc:datafield tag="500" ind1=" " ind2=" ">
            <marc:subfield code="a">TEMPORARY RECORD</marc:subfield>
        </marc:datafield>
        <marc:datafield tag="500" ind1=" " ind2=" ">
            <marc:subfield code="a">The photographs were placed in the photograph collection. The commencement announcement was placed in the 1935 commencement folder and the centennial exhibit program was placed in duplicate publications.</marc:subfield>
        </marc:datafield>
    </marc:record>