
    <marc:record>
        <marc:leader>01244npcaa2200229Ia 4500</marc:leader>
        <marc:controlfield tag="001">003810237</marc:controlfield>
        <marc:controlfield tag="005">20111129153854.0</marc:controlfield>
        <marc:controlfield tag="008">030617i19021907ncu                 eng d</marc:controlfield>
        <marc:datafield tag="040" ind1=" " ind2=" ">
            <marc:subfield code="a">NDD</marc:subfield>
            <marc:subfield code="e">dacs</marc:subfield>
            <marc:subfield code="c">NDD</marc:subfield>
        </marc:datafield>
        <marc:datafield tag="049" ind1=" " ind2=" ">
            <marc:subfield code="a">NDH6</marc:subfield>
        </marc:datafield>
        <marc:datafield tag="099" ind1=" " ind2=" ">
            <marc:subfield code="a">11L</marc:subfield>
        </marc:datafield>
        <marc:datafield tag="100" ind1="1" ind2=" ">
            <marc:subfield code="a">Tuttle, M. Emeth.</marc:subfield>
        </marc:datafield>
        <marc:datafield tag="245" ind1="1" ind2="0">
            <marc:subfield code="a">M. Emeth Tuttle scrapbooks,</marc:subfield>
            <marc:subfield code="f">1902-1907.</marc:subfield>
        </marc:datafield>
        <marc:datafield tag="300" ind1=" " ind2=" ">
            <marc:subfield code="a">10</marc:subfield>
            <marc:subfield code="f">items (0.5 linear ft.)</marc:subfield>
        </marc:datafield>
        <marc:datafield tag="500" ind1=" " ind2=" ">
            <marc:subfield code="a">TEMPORARY RECORD.</marc:subfield>
        </marc:datafield>
        <marc:datafield tag="500" ind1=" " ind2=" ">
            <marc:subfield code="a">Processed collection.</marc:subfield>
        </marc:datafield>
        <marc:datafield tag="500" ind1=" " ind2=" ">
            <marc:subfield code="a">Accession added November, 2011.</marc:subfield>
        </marc:datafield>
        <marc:datafield tag="545" ind1=" " ind2=" ">
            <marc:subfield code="a">M. Emeth Tuttle was a female member of the Trinity College Class of 1906.</marc:subfield>
        </marc:datafield>
        <marc:datafield tag="520" ind1="8" ind2=" ">
            <marc:subfield code="a">Scrapbook 1 contains images from Tuttle's time at Trinity College in Durham, NC as well as other outings and activities. There are numerous images of her female classmates and images of buildings, including the original library and the Washington Duke Building. Some of the photographs of the students were taken at various locations on what is now East Campus, including the gazebo. Scrapbook two is an album with images of the Class of 1906. The collection ranges in date from 1902-1907. Single photograph of M. Emeth Tuttle added to collection in November, 2011 accession.</marc:subfield>
        </marc:datafield>
        <marc:datafield tag="541" ind1=" " ind2=" ">
            <marc:subfield code="a">.</marc:subfield>
            <marc:subfield code="c">Transfer;</marc:subfield>
            <marc:subfield code="d">2005.</marc:subfield>
        </marc:datafield>
        <marc:datafield tag="555" ind1="8" ind2=" ">
            <marc:subfield code="a">Inventory in repository.</marc:subfield>
        </marc:datafield>
        <marc:datafield tag="590" ind1=" " ind2=" ">
            <marc:subfield code="a">*kds 20061128</marc:subfield>
        </marc:datafield>
    </marc:record>