
    <marc:record>
        <marc:leader>00940npm a22001215a 4500</marc:leader>
        <marc:controlfield tag="001">004037932</marc:controlfield>
        <marc:controlfield tag="005">20120912152656.0</marc:controlfield>
        <marc:controlfield tag="008">081002i19071911ncu|||||||||||||| ||eng|d</marc:controlfield>
        <marc:datafield tag="245" ind1="0" ind2="0">
            <marc:subfield code="a">Charles Bagley scrapbook,</marc:subfield>
            <marc:subfield code="f">1907-1911, undated.</marc:subfield>
        </marc:datafield>
        <marc:datafield tag="300" ind1=" " ind2=" ">
            <marc:subfield code="a">70</marc:subfield>
            <marc:subfield code="f">photographs</marc:subfield>
        </marc:datafield>
        <marc:datafield tag="500" ind1=" " ind2=" ">
            <marc:subfield code="a">TEMPORARY RECORD</marc:subfield>
        </marc:datafield>
        <marc:datafield tag="545" ind1=" " ind2=" ">
            <marc:subfield code="a">Photographs from the Charles Balgey scrapbook. The photographs depict scenes of Trinity College including buildings, baseball players, and student life. Some of the photographs are labeled and dated. The dates range from 1907-1913. Album was taken apart and only the pages concerning Trinity College were given to the University Archives.</marc:subfield>
        </marc:datafield>
        <marc:datafield tag="520" ind1="8" ind2=" ">
            <marc:subfield code="a">Charles Rutherford Bagley (A.B. 1914, M.A. 1915) attended Trinity College from 1911-1915. He graduated Magna cum laude in 1914. He also received highest honors in Latin that year. Bagley was Trinity's first Rhodes Scholarship winner. He was on Trinity College's faculty when he was selected in 1917.</marc:subfield>
        </marc:datafield>
    </marc:record>