
    <marc:record>
        <marc:leader>00509npm a22001335a 4500</marc:leader>
        <marc:controlfield tag="001">004438141</marc:controlfield>
        <marc:controlfield tag="005">20120912154152.0</marc:controlfield>
        <marc:controlfield tag="008">100827i19381940ncu|||||||||||||| ||eng|d</marc:controlfield>
        <marc:datafield tag="100" ind1="1" ind2=" ">
            <marc:subfield code="a">Roberts, William W.</marc:subfield>
        </marc:datafield>
        <marc:datafield tag="245" ind1="1" ind2="0">
            <marc:subfield code="a">Scoop Roberts scrapbook,</marc:subfield>
            <marc:subfield code="f">1938-1940.</marc:subfield>
        </marc:datafield>
        <marc:datafield tag="300" ind1=" " ind2=" ">
            <marc:subfield code="a">1</marc:subfield>
            <marc:subfield code="f">items</marc:subfield>
        </marc:datafield>
        <marc:datafield tag="506" ind1=" " ind2=" ">
            <marc:subfield code="a">No restrictions.</marc:subfield>
        </marc:datafield>
        <marc:datafield tag="520" ind1="8" ind2=" ">
            <marc:subfield code="a">Primarily photos of campus events and sports personalities. Includes photo of the lacrosse team from 1938-39 as well as several images of Glen &quot;Crash&quot; Davis.</marc:subfield>
        </marc:datafield>
        <marc:datafield tag="545" ind1=" " ind2=" ">
            <marc:subfield code="a">Roberts was a reporter for the Chronicle.</marc:subfield>
        </marc:datafield>
    </marc:record>