
    <marc:record>
        <marc:leader>01318npm a22001335a 4500</marc:leader>
        <marc:controlfield tag="001">003970114</marc:controlfield>
        <marc:controlfield tag="005">20120912151416.0</marc:controlfield>
        <marc:controlfield tag="008">080528i20052007ncu|||||||||||||| ||eng|d</marc:controlfield>
        <marc:datafield tag="100" ind1="1" ind2=" ">
            <marc:subfield code="a">Lauterbach, Claire.</marc:subfield>
        </marc:datafield>
        <marc:datafield tag="245" ind1="1" ind2="0">
            <marc:subfield code="a">Images Project records,</marc:subfield>
            <marc:subfield code="f">2005-2007.</marc:subfield>
        </marc:datafield>
        <marc:datafield tag="300" ind1=" " ind2=" ">
            <marc:subfield code="a">100</marc:subfield>
            <marc:subfield code="f">items (1 box)</marc:subfield>
        </marc:datafield>
        <marc:datafield tag="500" ind1=" " ind2=" ">
            <marc:subfield code="a">TEMPORARY RECORD</marc:subfield>
        </marc:datafield>
        <marc:datafield tag="520" ind1="8" ind2=" ">
            <marc:subfield code="a">Collection contains collected flyers advertising fraternity, sorority, and selective living group parties, as well as a transcript of the comments left at the Bryan Center exhibit and articles relating to the project.</marc:subfield>
        </marc:datafield>
        <marc:datafield tag="545" ind1=" " ind2=" ">
            <marc:subfield code="a">This acquisition contains material from the Images Project, a student research initiative undertaken by Claire Lauterbach (Trinity ’08) which raises questions about the social climate on campus and the objectification of women. Lauterbach, a former Baldwin Scholar, began this project in 2006 as a means of examining undergraduate culture by looking to images and asking the Duke community to participate in discussion about what these images say in regard to stereotypes, the social scene, sexual relationships, and the treatment of women. Lauterbach collected numerous posters advertising various fraternity, sorority, and selective living group parties from 2005-2007. These images were later displayed in the Bryan Center and the Duke Community was invited to write comments.</marc:subfield>
        </marc:datafield>
    </marc:record>