
    <marc:record>
        <marc:leader>00399npm a22001215a 4500</marc:leader>
        <marc:controlfield tag="001">004094575</marc:controlfield>
        <marc:controlfield tag="005">20120912152851.0</marc:controlfield>
        <marc:controlfield tag="008">090217i19501955ncu|||||||||||||| ||eng|d</marc:controlfield>
        <marc:datafield tag="100" ind1="1" ind2=" ">
            <marc:subfield code="a">McNurlen, Lewis J.</marc:subfield>
        </marc:datafield>
        <marc:datafield tag="245" ind1="1" ind2="0">
            <marc:subfield code="a">Lewis J. McNurlen slide collection,</marc:subfield>
            <marc:subfield code="f">1950-1955.</marc:subfield>
        </marc:datafield>
        <marc:datafield tag="300" ind1=" " ind2=" ">
            <marc:subfield code="a">150</marc:subfield>
            <marc:subfield code="f">items (1 box)</marc:subfield>
        </marc:datafield>
        <marc:datafield tag="500" ind1=" " ind2=" ">
            <marc:subfield code="a">TEMPORARY RECORD</marc:subfield>
        </marc:datafield>
        <marc:datafield tag="520" ind1="8" ind2=" ">
            <marc:subfield code="a">Approximately 150 color slides from McNurlen's years as a student at Duke, 1950-1955.</marc:subfield>
        </marc:datafield>
    </marc:record>