
    <marc:record>
        <marc:leader>00526npm a22001215a 4500</marc:leader>
        <marc:controlfield tag="001">004652809</marc:controlfield>
        <marc:controlfield tag="005">20120912154515.0</marc:controlfield>
        <marc:controlfield tag="008">101123i19361939ncu|||||||||||||| ||eng|d</marc:controlfield>
        <marc:datafield tag="100" ind1="1" ind2=" ">
            <marc:subfield code="a">Conner, Elizabeth Hatcher.</marc:subfield>
        </marc:datafield>
        <marc:datafield tag="245" ind1="1" ind2="0">
            <marc:subfield code="a">Elizabeth Hatcher Conner Collection</marc:subfield>
            <marc:subfield code="f">1936-1939</marc:subfield>
        </marc:datafield>
        <marc:datafield tag="300" ind1=" " ind2=" ">
            <marc:subfield code="a">350</marc:subfield>
            <marc:subfield code="f">items (1 box)</marc:subfield>
        </marc:datafield>
        <marc:datafield tag="500" ind1=" " ind2=" ">
            <marc:subfield code="a">TEMPORARY RECORD</marc:subfield>
        </marc:datafield>
        <marc:datafield tag="520" ind1="8" ind2=" ">
            <marc:subfield code="a">Hatcher (Class of 1939) was a yearbook photographer and member of the Explorer's Club. She documented campus as well as outings of the Club. Includes an image of Mary Duke Biddle Trent Semans as a student.</marc:subfield>
        </marc:datafield>
    </marc:record>