
    <marc:record>
        <marc:leader>01012npcaa2200193Ia 4500</marc:leader>
        <marc:controlfield tag="001">003849796</marc:controlfield>
        <marc:controlfield tag="005">20070406155502.0</marc:controlfield>
        <marc:controlfield tag="008">030617i19851999ncu                 eng d</marc:controlfield>
        <marc:datafield tag="040" ind1=" " ind2=" ">
            <marc:subfield code="a">NDD</marc:subfield>
            <marc:subfield code="e">dacs</marc:subfield>
            <marc:subfield code="c">NDD</marc:subfield>
        </marc:datafield>
        <marc:datafield tag="049" ind1=" " ind2=" ">
            <marc:subfield code="a">NDH6</marc:subfield>
        </marc:datafield>
        <marc:datafield tag="099" ind1=" " ind2=" ">
            <marc:subfield code="a">Section 18</marc:subfield>
        </marc:datafield>
        <marc:datafield tag="110" ind1="2" ind2=" ">
            <marc:subfield code="a">Duke University.</marc:subfield>
            <marc:subfield code="b">University Archives.</marc:subfield>
        </marc:datafield>
        <marc:datafield tag="245" ind1="1" ind2="0">
            <marc:subfield code="a">Miscellaneous Student Publications [newspaper form],</marc:subfield>
            <marc:subfield code="f">1985-1999.</marc:subfield>
        </marc:datafield>
        <marc:datafield tag="300" ind1=" " ind2=" ">
            <marc:subfield code="a">38</marc:subfield>
            <marc:subfield code="f">items (1.2 linear ft.)</marc:subfield>
        </marc:datafield>
        <marc:datafield tag="500" ind1=" " ind2=" ">
            <marc:subfield code="a">TEMPORARY RECORD.</marc:subfield>
        </marc:datafield>
        <marc:datafield tag="520" ind1="8" ind2=" ">
            <marc:subfield code="a">Collection includes the following publications: &quot;The Salty Observer&quot; (v.1/n.1-2 1996, v.2/n.1-3 1996/97, Issue 1 1998, copy 1 &amp; 2), &quot;Open Forum&quot; (v.1/n.1-3 1994, v.2/n.1 1994, Dec.1995/Jan.1996, Feb.1996 Special Election issue, May 1997 Special Graduation issue, Nov.1998, April/May 1999, copy 1 &amp; 2), &quot;The Duke Free Man&quot; (v.1/n.1-2, 1985/86, copy 1 &amp; 2), &quot;The Duke Guide&quot; (v.1/n.1-2 1996), &quot;Campus: America's Student Newspaper&quot; with focus on Duke University circa 1993.</marc:subfield>
        </marc:datafield>
        <marc:datafield tag="541" ind1=" " ind2=" ">
            <marc:subfield code="a">.</marc:subfield>
            <marc:subfield code="c">Transfer;</marc:subfield>
            <marc:subfield code="d">.</marc:subfield>
        </marc:datafield>
        <marc:datafield tag="555" ind1="8" ind2=" ">
            <marc:subfield code="a">Inventory in repository.</marc:subfield>
        </marc:datafield>
        <marc:datafield tag="590" ind1=" " ind2=" ">
            <marc:subfield code="a">*kds 20070406</marc:subfield>
        </marc:datafield>
    </marc:record>