
    <marc:record>
        <marc:leader>01242npm a22001335a 4500</marc:leader>
        <marc:controlfield tag="001">003970417</marc:controlfield>
        <marc:controlfield tag="005">20120912151750.0</marc:controlfield>
        <marc:controlfield tag="008">080530i19982007ncu|||||||||||||| ||eng|d</marc:controlfield>
        <marc:datafield tag="110" ind1="2" ind2=" ">
            <marc:subfield code="a">Duke University.</marc:subfield>
            <marc:subfield code="b">Campus Council.</marc:subfield>
        </marc:datafield>
        <marc:datafield tag="245" ind1="1" ind2="0">
            <marc:subfield code="a">Campus Council records,</marc:subfield>
            <marc:subfield code="f">1998-2007.</marc:subfield>
        </marc:datafield>
        <marc:datafield tag="300" ind1=" " ind2=" ">
            <marc:subfield code="a">2500</marc:subfield>
            <marc:subfield code="f">items (3 boxes)</marc:subfield>
        </marc:datafield>
        <marc:datafield tag="500" ind1=" " ind2=" ">
            <marc:subfield code="a">TEMPORARY RECORD</marc:subfield>
        </marc:datafield>
        <marc:datafield tag="520" ind1="8" ind2=" ">
            <marc:subfield code="a">Collection contains organizational materials relating to the daily operations of the Campus Council including agendas and minutes for the general Council and executive board; newspaper articles, communications, a residential governance leadership manual, photographs and scrapbooks. Materials range in date from 1998 to 2007.</marc:subfield>
        </marc:datafield>
        <marc:datafield tag="545" ind1=" " ind2=" ">
            <marc:subfield code="a">As representatives of the residential student body, the Duke University Campus Council is dedicated to providing support and direction for students through active leadership in the community. As the primary governing body of residential life issues, they strive to enhance campus life by implementing fair and thoughtful policies, in addition to providing quality programming throughout the year. As the umbrella organization for House, Quad, East Campus and Central Campus Councils, it is their goal to make living on campus a safe, educational, and enjoyable experience for all.</marc:subfield>
        </marc:datafield>
    </marc:record>