
    <marc:record>
        <marc:leader>01409npcaa2200229Ia 4500</marc:leader>
        <marc:controlfield tag="001">003815410</marc:controlfield>
        <marc:controlfield tag="005">20140131105219.0</marc:controlfield>
        <marc:controlfield tag="008">030617i19451996ncu                 eng d</marc:controlfield>
        <marc:datafield tag="040" ind1=" " ind2=" ">
            <marc:subfield code="a">NDD</marc:subfield>
            <marc:subfield code="e">dacs</marc:subfield>
            <marc:subfield code="c">NDD</marc:subfield>
        </marc:datafield>
        <marc:datafield tag="049" ind1=" " ind2=" ">
            <marc:subfield code="a">NDH6</marc:subfield>
        </marc:datafield>
        <marc:datafield tag="099" ind1=" " ind2=" ">
            <marc:subfield code="a">15i</marc:subfield>
        </marc:datafield>
        <marc:datafield tag="110" ind1="2" ind2=" ">
            <marc:subfield code="a">Duke University.</marc:subfield>
            <marc:subfield code="b">Lutheran Campus Ministry.</marc:subfield>
        </marc:datafield>
        <marc:datafield tag="245" ind1="1" ind2="0">
            <marc:subfield code="a">Lutheran Campus Ministry records,</marc:subfield>
            <marc:subfield code="f">1946-1997.</marc:subfield>
        </marc:datafield>
        <marc:datafield tag="300" ind1=" " ind2=" ">
            <marc:subfield code="a">6,000</marc:subfield>
            <marc:subfield code="f">items (7.0 linear ft.)</marc:subfield>
        </marc:datafield>
        <marc:datafield tag="500" ind1=" " ind2=" ">
            <marc:subfield code="a">TEMPORARY RECORD.</marc:subfield>
        </marc:datafield>
        <marc:datafield tag="500" ind1=" " ind2=" ">
            <marc:subfield code="a">Unprocessed collection. Cataloged from accession records.</marc:subfield>
        </marc:datafield>
        <marc:datafield tag="506" ind1=" " ind2=" ">
            <marc:subfield code="a">Access restricted.</marc:subfield>
        </marc:datafield>
        <marc:datafield tag="545" ind1=" " ind2=" ">
            <marc:subfield code="a">A Lutheran Student Association was organized on campus in 1925 with 14 students. The present Lutheran Campus Ministry serves students at Duke and North Carolina Central University. It is supported by the Lutheran Campus Ministry Council of Durham, NC which is affiliated with the Evangelical Lutheran Church of America and the Lutheran Church - Missouri Synod.</marc:subfield>
        </marc:datafield>
        <marc:datafield tag="520" ind1="8" ind2=" ">
            <marc:subfield code="a">Collection contains minutes, correspondence, memoranda, reports, brochures, newsletters, flyers, reference files, financial records, rosters, and other records generates in the operations of the Lutheran Campus Ministries, its predecessor organizations, and the religious life staffs at both Duke University and North Carolina Central University. Materials range in date from c. 1945-1996.</marc:subfield>
        </marc:datafield>
        <marc:datafield tag="541" ind1=" " ind2=" ">
            <marc:subfield code="a">.</marc:subfield>
            <marc:subfield code="c">Transfer;</marc:subfield>
            <marc:subfield code="d">2000, 2001.</marc:subfield>
        </marc:datafield>
        <marc:datafield tag="555" ind1="8" ind2=" ">
            <marc:subfield code="a">Inventory in repository.</marc:subfield>
        </marc:datafield>
        <marc:datafield tag="590" ind1=" " ind2=" ">
            <marc:subfield code="a">*sab 20061213</marc:subfield>
        </marc:datafield>
    </marc:record>