
    <marc:record>
        <marc:leader>00614npm a22001215a 4500</marc:leader>
        <marc:controlfield tag="001">003974740</marc:controlfield>
        <marc:controlfield tag="005">20121218154542.0</marc:controlfield>
        <marc:controlfield tag="008">080612i19942003ncu|||||||||||||| ||eng|d</marc:controlfield>
        <marc:datafield tag="110" ind1="2" ind2=" ">
            <marc:subfield code="a">Duke University.</marc:subfield>
            <marc:subfield code="b">Lady Blue.</marc:subfield>
        </marc:datafield>
        <marc:datafield tag="245" ind1="1" ind2="0">
            <marc:subfield code="a">Lady Blue records,</marc:subfield>
            <marc:subfield code="f">1994-ongoing.</marc:subfield>
        </marc:datafield>
        <marc:datafield tag="300" ind1=" " ind2=" ">
            <marc:subfield code="a">26</marc:subfield>
            <marc:subfield code="f">items (5 boxes)</marc:subfield>
        </marc:datafield>
        <marc:datafield tag="520" ind1="8" ind2=" ">
            <marc:subfield code="a">Collection contains scrapbooks (1994-1999), newsletters (1998-2003), and two t-shirts pertaining to Lady Blue.</marc:subfield>
        </marc:datafield>
        <marc:datafield tag="545" ind1=" " ind2=" ">
            <marc:subfield code="a">Lady Blue is a female a cappella group founded in 1991. Since their inception, they have performed at both campus events and up and down the Eastern seaboard.Materials in the collection date from 1994 to 2003.</marc:subfield>
        </marc:datafield>
    </marc:record>