
    <marc:record>
        <marc:leader>01033npm a22001335a 4500</marc:leader>
        <marc:controlfield tag="001">003905271</marc:controlfield>
        <marc:controlfield tag="005">20121211143608.0</marc:controlfield>
        <marc:controlfield tag="008">071022i19842005ncu|||||||||||||| ||eng|d</marc:controlfield>
        <marc:datafield tag="110" ind1="2" ind2=" ">
            <marc:subfield code="a">Out of the Blue (Musical group)</marc:subfield>
        </marc:datafield>
        <marc:datafield tag="245" ind1="1" ind2="0">
            <marc:subfield code="a">Out of the Blue records,</marc:subfield>
            <marc:subfield code="f">1984-2005.</marc:subfield>
        </marc:datafield>
        <marc:datafield tag="300" ind1=" " ind2=" ">
            <marc:subfield code="a">75</marc:subfield>
            <marc:subfield code="f">items (13 boxes)</marc:subfield>
        </marc:datafield>
        <marc:datafield tag="520" ind1="8" ind2=" ">
            <marc:subfield code="a">Collection contains subject files, audio/video recordings, photographs, and scrapbooks relating to the female a cappella group Out of the Blue. Formats present include CD, cassette, VHS, and Ampex 499. Subject files include flyers, programs, funding and budget information, letters, and materials related to performances. The Ampex 499 reel to reel tapes (quantity 30) are stored in the vault. When the collection is processed special boxes will need to be ordered for the Ampex tapes.</marc:subfield>
        </marc:datafield>
        <marc:datafield tag="545" ind1=" " ind2=" ">
            <marc:subfield code="a">Out of the Blue is Duke University's oldest female a cappella group. Founded in 1980 they have produced 12 albums and have traveled up and down the East Coast, as well as to the Dominican Republic and the Bahamas.</marc:subfield>
        </marc:datafield>
        <marc:datafield tag="500" ind1=" " ind2=" ">
            <marc:subfield code="a">TEMPORARY RECORD</marc:subfield>
        </marc:datafield>
    </marc:record>