
    <marc:record>
        <marc:leader>00901npm a22001335a 4500</marc:leader>
        <marc:controlfield tag="001">003970177</marc:controlfield>
        <marc:controlfield tag="005">20120912151639.0</marc:controlfield>
        <marc:controlfield tag="008">080529i20052008ncu|||||||||||||| ||eng|d</marc:controlfield>
        <marc:datafield tag="110" ind1="2" ind2=" ">
            <marc:subfield code="a">Duke University.</marc:subfield>
            <marc:subfield code="b">On Tap.</marc:subfield>
        </marc:datafield>
        <marc:datafield tag="245" ind1="1" ind2="0">
            <marc:subfield code="a">On Tap records,</marc:subfield>
            <marc:subfield code="f">2005-2008.</marc:subfield>
        </marc:datafield>
        <marc:datafield tag="300" ind1=" " ind2=" ">
            <marc:subfield code="a">50</marc:subfield>
            <marc:subfield code="f">items (1 box)</marc:subfield>
        </marc:datafield>
        <marc:datafield tag="500" ind1=" " ind2=" ">
            <marc:subfield code="a">TEMPORARY RECORD</marc:subfield>
        </marc:datafield>
        <marc:datafield tag="520" ind1="8" ind2=" ">
            <marc:subfield code="a">The collection includes flyers for their annual spring show Repercussions, documentation of shows and other events, t-shirt designs, member lists, dance assignments, email correspondence and a CD-R of photographs dated 2005-2008. Materials in this collection range in date from 2005-2008.</marc:subfield>
        </marc:datafield>
        <marc:datafield tag="545" ind1=" " ind2=" ">
            <marc:subfield code="a">On Tap is a rhythm tap group started by students of Duke University in 1999. They are primarily made up of undergraduates, but welcome graduate students as well. On Tap performs around campus and the Durham community at different arts or cultural events, and also put on their own show each year.</marc:subfield>
        </marc:datafield>
    </marc:record>