
    <marc:record>
        <marc:leader>00737npm a22001455a 4500</marc:leader>
        <marc:controlfield tag="001">003927347</marc:controlfield>
        <marc:controlfield tag="005">20120912143411.0</marc:controlfield>
        <marc:controlfield tag="008">080116|19892007xxu|||||||||||||| ||eng|d</marc:controlfield>
        <marc:datafield tag="110" ind1="2" ind2=" ">
            <marc:subfield code="a">Students for Choice.</marc:subfield>
        </marc:datafield>
        <marc:datafield tag="245" ind1="1" ind2="0">
            <marc:subfield code="a">Students for Choice records,</marc:subfield>
            <marc:subfield code="f">1989-2007.</marc:subfield>
        </marc:datafield>
        <marc:datafield tag="300" ind1=" " ind2=" ">
            <marc:subfield code="a">200</marc:subfield>
            <marc:subfield code="f">items (1 box)</marc:subfield>
        </marc:datafield>
        <marc:datafield tag="500" ind1=" " ind2=" ">
            <marc:subfield code="a">TEMPORARY RECORD</marc:subfield>
        </marc:datafield>
        <marc:datafield tag="506" ind1=" " ind2=" ">
            <marc:subfield code="a">Access restricted: unprocessed.</marc:subfield>
        </marc:datafield>
        <marc:datafield tag="520" ind1="8" ind2=" ">
            <marc:subfield code="a">Students for Choice is a student organization dedicated to educating the Duke community about the status of reproductive rights nationally and locally and about available related resources, and to working to protect and uphold the freedom of choice.</marc:subfield>
        </marc:datafield>
        <marc:datafield tag="545" ind1=" " ind2=" ">
            <marc:subfield code="a">Collection contains flyers and other event materials, organizational notes, educational literature, and clippings.</marc:subfield>
        </marc:datafield>
    </marc:record>