
    <marc:record>
        <marc:leader>00601npm a22001335a 4500</marc:leader>
        <marc:controlfield tag="001">003839734</marc:controlfield>
        <marc:controlfield tag="005">20120911153916.0</marc:controlfield>
        <marc:controlfield tag="008">070301s2007    ncu|||||||||||||| ||eng|d</marc:controlfield>
        <marc:datafield tag="110" ind1="2" ind2=" ">
            <marc:subfield code="a">Duke University.</marc:subfield>
            <marc:subfield code="b">Duke Plays.</marc:subfield>
        </marc:datafield>
        <marc:datafield tag="245" ind1="1" ind2="0">
            <marc:subfield code="a">Duke Plays artifacts,</marc:subfield>
            <marc:subfield code="f">2007.</marc:subfield>
        </marc:datafield>
        <marc:datafield tag="300" ind1=" " ind2=" ">
            <marc:subfield code="a">16</marc:subfield>
            <marc:subfield code="f">items (1 box)</marc:subfield>
        </marc:datafield>
        <marc:datafield tag="520" ind1="8" ind2=" ">
            <marc:subfield code="a">Vintage Duke Souveniers from DukePLAYS The Party! held 23 February 2007. Objects include Duke Plays stickers, postcards, a matchbook, playing cards (2), and a playbill from the event.</marc:subfield>
        </marc:datafield>
        <marc:datafield tag="545" ind1=" " ind2=" ">
            <marc:subfield code="a">Established in 2006, DukePLAYS is a student-led campaign to redefine and reclaim campus culture.</marc:subfield>
        </marc:datafield>
        <marc:datafield tag="500" ind1=" " ind2=" ">
            <marc:subfield code="a">TEMPORARY RECORD</marc:subfield>
        </marc:datafield>
    </marc:record>