
    <marc:record>
        <marc:leader>00733npm a22001335a 4500</marc:leader>
        <marc:controlfield tag="001">003927247</marc:controlfield>
        <marc:controlfield tag="005">20120912143132.0</marc:controlfield>
        <marc:controlfield tag="008">080116|19972007ncu|||||||||||||| ||eng|d</marc:controlfield>
        <marc:datafield tag="110" ind1="2" ind2=" ">
            <marc:subfield code="a">Society of Women Engineers. Duke University Chapter.</marc:subfield>
        </marc:datafield>
        <marc:datafield tag="245" ind1="1" ind2="0">
            <marc:subfield code="a">Society of Women Engineers, Duke University Chapter Records,</marc:subfield>
            <marc:subfield code="f">1997, 2006-2007.</marc:subfield>
        </marc:datafield>
        <marc:datafield tag="300" ind1=" " ind2=" ">
            <marc:subfield code="a">500</marc:subfield>
            <marc:subfield code="f">items (1 box)</marc:subfield>
        </marc:datafield>
        <marc:datafield tag="500" ind1=" " ind2=" ">
            <marc:subfield code="a">TEMPORARY RECORD</marc:subfield>
        </marc:datafield>
        <marc:datafield tag="520" ind1="8" ind2=" ">
            <marc:subfield code="a">The Duke University chapter of the Society of Women Engineers is an academic group for women engineering students at Duke University, and was chartered in 1981.</marc:subfield>
        </marc:datafield>
        <marc:datafield tag="545" ind1=" " ind2=" ">
            <marc:subfield code="a">Collection includes newsletters, meeting minutes and agendas, budget materials, flyers, the organization's constitution, program materials, photographs, and electronic material.</marc:subfield>
        </marc:datafield>
    </marc:record>