
    <marc:record>
        <marc:leader>00536cpc a2200169Ia 4500</marc:leader>
        <marc:controlfield tag="001">003138878</marc:controlfield>
        <marc:controlfield tag="005">20040712212400.0</marc:controlfield>
        <marc:controlfield tag="008">030129i19601992ncu                 eng d</marc:controlfield>
        <marc:datafield tag="040" ind1=" " ind2=" ">
            <marc:subfield code="a">NDD</marc:subfield>
            <marc:subfield code="e">appm</marc:subfield>
            <marc:subfield code="c">NDD</marc:subfield>
        </marc:datafield>
        <marc:datafield tag="049" ind1=" " ind2=" ">
            <marc:subfield code="a">NDDA</marc:subfield>
            <marc:subfield code="d">[1-=Boxes]</marc:subfield>
            <marc:subfield code="v">1-2</marc:subfield>
        </marc:datafield>
        <marc:datafield tag="099" ind1=" " ind2=" ">
            <marc:subfield code="a">Lib. Serv. Ctr.</marc:subfield>
        </marc:datafield>
        <marc:datafield tag="110" ind1="2" ind2=" ">
            <marc:subfield code="a">Duke University.</marc:subfield>
            <marc:subfield code="b">Bunch of Guys.</marc:subfield>
        </marc:datafield>
        <marc:datafield tag="245" ind1="1" ind2="0">
            <marc:subfield code="a">Bunch of Guys records,</marc:subfield>
            <marc:subfield code="f">1960-1992.</marc:subfield>
        </marc:datafield>
        <marc:datafield tag="300" ind1=" " ind2=" ">
            <marc:subfield code="a">1,400</marc:subfield>
            <marc:subfield code="f">items (2 Boxes)</marc:subfield>
        </marc:datafield>
        <marc:datafield tag="500" ind1=" " ind2=" ">
            <marc:subfield code="a">TEMPORARY RECORD.</marc:subfield>
        </marc:datafield>
        <marc:datafield tag="500" ind1=" " ind2=" ">
            <marc:subfield code="a">St11ored offsite. May require 24 hours for retrieval.</marc:subfield>
        </marc:datafield>
        <marc:datafield tag="506" ind1=" " ind2=" ">
            <marc:subfield code="a">These materials are restricted by donor request.</marc:subfield>
        </marc:datafield>
        <marc:datafield tag="590" ind1=" " ind2=" ">
            <marc:subfield code="a">*ejg</marc:subfield>
        </marc:datafield>
    </marc:record>