
    <marc:record>
        <marc:leader>01512npcaa22002895a 4500</marc:leader>
        <marc:controlfield tag="001">003376869</marc:controlfield>
        <marc:controlfield tag="003">OCoLC</marc:controlfield>
        <marc:controlfield tag="005">20060224110051.0</marc:controlfield>
        <marc:controlfield tag="008">041020i19122005ncu|||||||||||||||||eng|d</marc:controlfield>
        <marc:datafield tag="040" ind1=" " ind2=" ">
            <marc:subfield code="a">NDD</marc:subfield>
            <marc:subfield code="e">appm</marc:subfield>
            <marc:subfield code="c">NDD</marc:subfield>
        </marc:datafield>
        <marc:datafield tag="041" ind1="0" ind2=" ">
            <marc:subfield code="a">eng</marc:subfield>
        </marc:datafield>
        <marc:datafield tag="049" ind1=" " ind2=" ">
            <marc:subfield code="a">NDH6</marc:subfield>
            <marc:subfield code="d">[</marc:subfield>
            <marc:subfield code="v">=Items ]</marc:subfield>
            <marc:subfield code="v">1-100</marc:subfield>
        </marc:datafield>
        <marc:datafield tag="099" ind1=" " ind2=" ">
            <marc:subfield code="a">Section 23, LSC</marc:subfield>
        </marc:datafield>
        <marc:datafield tag="110" ind1="2" ind2=" ">
            <marc:subfield code="a">Sigma Chi Fraternity.</marc:subfield>
            <marc:subfield code="b">Beta Lambda Chapter (Duke University)</marc:subfield>
        </marc:datafield>
        <marc:datafield tag="245" ind1="1" ind2="0">
            <marc:subfield code="a">Sigma Chi, Beta Lambda Chapter records,</marc:subfield>
            <marc:subfield code="f">1912-2005.</marc:subfield>
        </marc:datafield>
        <marc:datafield tag="300" ind1=" " ind2=" ">
            <marc:subfield code="a">100</marc:subfield>
            <marc:subfield code="f">items (0.5 linear ft.)</marc:subfield>
        </marc:datafield>
        <marc:datafield tag="506" ind1=" " ind2=" ">
            <marc:subfield code="a">Time capsule in off-site storage; closed until 2055.</marc:subfield>
        </marc:datafield>
        <marc:datafield tag="520" ind1="8" ind2=" ">
            <marc:subfield code="a">The Sigma Chi, Beta Lambda Chapter records contain correspondence, minute book, membership directory, publications, composite photographs, scrapbook, and notes. Also includes a reference copy of a scrapbook and a Beta Lambda time capsule (1955-2005).</marc:subfield>
        </marc:datafield>
        <marc:datafield tag="545" ind1=" " ind2=" ">
            <marc:subfield code="a">The Beta Lambda chapter of Sigma Chi fraternity was founded at Trinity College (later Duke University) in 1912. The purpose of the men's social fraternity is to cultivate an appreciation of and commitment to the ideals of friendship, justice, and learning.</marc:subfield>
        </marc:datafield>
        <marc:datafield tag="541" ind1=" " ind2=" ">
            <marc:subfield code="a">.</marc:subfield>
            <marc:subfield code="c">Transfer;</marc:subfield>
            <marc:subfield code="d">1980-2005.</marc:subfield>
        </marc:datafield>
        <marc:datafield tag="610" ind1="2" ind2="0">
            <marc:subfield code="a">Sigma Chi Fraternity.</marc:subfield>
        </marc:datafield>
        <marc:datafield tag="610" ind1="2" ind2="0">
            <marc:subfield code="a">Sigma Chi Fraternity.</marc:subfield>
            <marc:subfield code="b">Beta Lambda Chapter (Duke University)</marc:subfield>
        </marc:datafield>
        <marc:datafield tag="610" ind1="2" ind2="0">
            <marc:subfield code="a">Trinity College (Durham, N.C.)</marc:subfield>
            <marc:subfield code="x">Students</marc:subfield>
            <marc:subfield code="x">Societies, etc.</marc:subfield>
        </marc:datafield>
        <marc:datafield tag="610" ind1="2" ind2="0">
            <marc:subfield code="a">Duke University</marc:subfield>
            <marc:subfield code="x">Societies, etc.</marc:subfield>
        </marc:datafield>
        <marc:datafield tag="610" ind1="2" ind2="0">
            <marc:subfield code="a">Duke University</marc:subfield>
            <marc:subfield code="x">Students</marc:subfield>
            <marc:subfield code="x">Societies, etc.</marc:subfield>
        </marc:datafield>
        <marc:datafield tag="650" ind1=" " ind2="0">
            <marc:subfield code="a">Greek letter societies.</marc:subfield>
        </marc:datafield>
        <marc:datafield tag="650" ind1=" " ind2="0">
            <marc:subfield code="a">Greek letter societies</marc:subfield>
            <marc:subfield code="z">North Carolina</marc:subfield>
            <marc:subfield code="z">Durham.</marc:subfield>
        </marc:datafield>
    </marc:record>