
    <marc:record>
        <marc:leader>01209npcaa2200229Ia 4500</marc:leader>
        <marc:controlfield tag="001">003794347</marc:controlfield>
        <marc:controlfield tag="005">20061005162708.0</marc:controlfield>
        <marc:controlfield tag="008">030617i19932005ncu                 eng d</marc:controlfield>
        <marc:datafield tag="040" ind1=" " ind2=" ">
            <marc:subfield code="a">NDD</marc:subfield>
            <marc:subfield code="e">dacs</marc:subfield>
            <marc:subfield code="c">NDD</marc:subfield>
        </marc:datafield>
        <marc:datafield tag="049" ind1=" " ind2=" ">
            <marc:subfield code="a">NDH6</marc:subfield>
        </marc:datafield>
        <marc:datafield tag="099" ind1=" " ind2=" ">
            <marc:subfield code="a">sec. 27</marc:subfield>
        </marc:datafield>
        <marc:datafield tag="110" ind1="2" ind2=" ">
            <marc:subfield code="a">Alpha Phi Alpha Fraternity.</marc:subfield>
            <marc:subfield code="b">Kappa Omicron chapter (Duke University)</marc:subfield>
        </marc:datafield>
        <marc:datafield tag="245" ind1="1" ind2="0">
            <marc:subfield code="a">Alpha Phi Alpha, Kappa Omicron chapter records,</marc:subfield>
            <marc:subfield code="f">circa 1993-2005.</marc:subfield>
        </marc:datafield>
        <marc:datafield tag="300" ind1=" " ind2=" ">
            <marc:subfield code="a">500</marc:subfield>
            <marc:subfield code="f">items (0.5 linear ft.)</marc:subfield>
        </marc:datafield>
        <marc:datafield tag="500" ind1=" " ind2=" ">
            <marc:subfield code="a">TEMPORARY RECORD.</marc:subfield>
        </marc:datafield>
        <marc:datafield tag="500" ind1=" " ind2=" ">
            <marc:subfield code="a">Unprocessed collection. Cataloged from accession records.</marc:subfield>
        </marc:datafield>
        <marc:datafield tag="506" ind1=" " ind2=" ">
            <marc:subfield code="a">Access restricted.</marc:subfield>
        </marc:datafield>
        <marc:datafield tag="545" ind1=" " ind2=" ">
            <marc:subfield code="a">The Kappa Omicron Chapter of Alpha Phi Alpha Fraternity, Inc. was founded on December 7, 1975 by seven young black males. In 1993, the Kappa Omicron Chapter was the first Black Greek Letter Organization to be granted main-campus housing at Duke University. In 2006 the chapter resided in building 3A of Edens Quadrangle.</marc:subfield>
        </marc:datafield>
        <marc:datafield tag="520" ind1="8" ind2=" ">
            <marc:subfield code="a">Administrative records, clippings, flyers, member records, photographs, negatives, programs, digital media created and collected by the Kappa Omicron chapter of Alpha Phi Alpha Fraternity.</marc:subfield>
        </marc:datafield>
        <marc:datafield tag="541" ind1=" " ind2=" ">
            <marc:subfield code="a">.</marc:subfield>
            <marc:subfield code="c">Transfer;</marc:subfield>
            <marc:subfield code="d">2005.</marc:subfield>
        </marc:datafield>
        <marc:datafield tag="555" ind1="8" ind2=" ">
            <marc:subfield code="a">Inventory in repository.</marc:subfield>
        </marc:datafield>
        <marc:datafield tag="590" ind1=" " ind2=" ">
            <marc:subfield code="a">*sab 20061005</marc:subfield>
        </marc:datafield>
    </marc:record>