
    <marc:record>
        <marc:leader>01155npcaa2200205Ia 4500</marc:leader>
        <marc:controlfield tag="001">003841332</marc:controlfield>
        <marc:controlfield tag="005">20070307124227.0</marc:controlfield>
        <marc:controlfield tag="008">030617i19501970ncu                 eng d</marc:controlfield>
        <marc:datafield tag="040" ind1=" " ind2=" ">
            <marc:subfield code="a">NDD</marc:subfield>
            <marc:subfield code="e">dacs</marc:subfield>
            <marc:subfield code="c">NDD</marc:subfield>
        </marc:datafield>
        <marc:datafield tag="049" ind1=" " ind2=" ">
            <marc:subfield code="a">NDH6</marc:subfield>
        </marc:datafield>
        <marc:datafield tag="099" ind1=" " ind2=" ">
            <marc:subfield code="a">Section 22</marc:subfield>
        </marc:datafield>
        <marc:datafield tag="110" ind1="2" ind2=" ">
            <marc:subfield code="a">Sigma Phi Epsilon.</marc:subfield>
            <marc:subfield code="b">North Carolina Gamma Chapter (Duke University)</marc:subfield>
        </marc:datafield>
        <marc:datafield tag="245" ind1="1" ind2="0">
            <marc:subfield code="a">Sigma Phi Epsilon records,</marc:subfield>
            <marc:subfield code="f">1950-1970.</marc:subfield>
        </marc:datafield>
        <marc:datafield tag="300" ind1=" " ind2=" ">
            <marc:subfield code="a">25</marc:subfield>
            <marc:subfield code="f">items (1.8 linear ft.)</marc:subfield>
        </marc:datafield>
        <marc:datafield tag="500" ind1=" " ind2=" ">
            <marc:subfield code="a">TEMPORARY RECORD.</marc:subfield>
        </marc:datafield>
        <marc:datafield tag="545" ind1=" " ind2=" ">
            <marc:subfield code="a">The North Carolina Gamma Chapter of Sigma Phi Epsilon at Duke University was chartered on March 27, 1908. It has been a continuous presence on Duke's campus since inception, except for brief periods of dormancy from 1960 to 1968 and 1994 to 2001. The chapter is now (2007) composed of 74 brothers from across the country who share a lifelong dedication to Virtue, Diligence, and Brotherly Love.</marc:subfield>
        </marc:datafield>
        <marc:datafield tag="520" ind1="8" ind2=" ">
            <marc:subfield code="a">Collection includes Chapter Record of Sigma Phi Epsilon from 1950-1959, three copies of the book Educating for Brotherhood by John Robson (1970) and an undated pamphlet on the scholarship program.</marc:subfield>
        </marc:datafield>
        <marc:datafield tag="541" ind1=" " ind2=" ">
            <marc:subfield code="a">.</marc:subfield>
            <marc:subfield code="c">Transfer;</marc:subfield>
            <marc:subfield code="d">1980.</marc:subfield>
        </marc:datafield>
        <marc:datafield tag="555" ind1="8" ind2=" ">
            <marc:subfield code="a">Inventory in repository.</marc:subfield>
        </marc:datafield>
        <marc:datafield tag="590" ind1=" " ind2=" ">
            <marc:subfield code="a">*sab 20070307</marc:subfield>
        </marc:datafield>
    </marc:record>